2910 4614
729 121 748 182 5

130 333 205 410 fert,
236 334 329 414 atque
358 331 512 408 infirmam
544 331 624 413 quod
646 350 706 395 ncn
729 334 843 396 temere
866 334 921 395 aut
942 331 1056 395 iniuste
1078 348 1128 394 me
1152 330 1344 396 contendisse

134 437 314 521 procedente
338 437 545 520 disputatione
567 438 631 501 iam
654 437 820 519 apparebit.

218 545 326 607 Denuo
341 544 524 625 Doeringius
548 543 733 607 sententiam
755 561 846 606 suam
861 540 1021 607 defendere
1037 544 1163 607 conatus
1180 544 1227 607 est
1243 542 1341 607 altera

130 650 399 726 commentatione,
412 650 436 733 1)
467 668 529 731 qua
557 650 718 730 utriusque
746 649 891 713 carminis
921 667 987 712 rem
1008 649 1171 713 metricam
1193 651 1224 712 et
1245 667 1343 729 genus

130 756 251 821 dicendi
274 757 471 838 comparavit.
510 758 554 820 Ac
577 755 613 819 de
629 756 828 838 prioreparte
851 755 1045 821 conferantur
1060 773 1106 830 ea,
1127 773 1205 836 quae
1226 755 1290 838 ipse
1305 756 1344 820 de

130 863 189 926 hac
200 880 232 926 re
244 863 278 926 in
289 863 387 926 altera
397 865 484 944 parte
497 861 761 926 commentationis
773 879 860 926 meae
873 862 947 936 erui,
959 861 1014 924 uhi
1024 861 1208 937 accuratius,
1224 863 1260 924 ut
1272 881 1341 944 spes

130 987 180 1032 me
195 971 288 1043 tenet,
306 968 344 1032 de
354 986 387 1032 re
399 967 526 1032 metrica
539 967 707 1049 disputavi;
720 966 756 1031 de
768 966 940 1049 posteriore,
953 985 1048 1049 quam
1059 967 1182 1031 maioris
1194 967 1344 1031 momenti

128 1093 197 1139 esse
208 1073 392 1154 Dceringius
408 1073 583 1149 arbItratur,
601 1073 675 1155 quid
687 1073 868 1147 existimem,
884 1073 948 1135 iam
964 1073 1072 1136 statim
1085 1073 1173 1136 iuvat
1188 1092 1343 1155 exponere.

218 1179 388 1260 Postquam
420 1179 453 1242 in
485 1181 713 1262 programmate
748 1197 802 1242 suo
836 1177 919 1242 haud
952 1197 1066 1261 paucos
1099 1179 1180 1243 locos
1211 1180 1343 1259 collegit,

129 1285 242 1366 quibus
277 1288 308 1348 et
337 1285 370 1347 in
395 1283 491 1348 Iliade
525 1287 556 1348 et
585 1285 619 1347 in
639 1284 764 1348 Punicis
794 1284 921 1348 eaedem
948 1285 997 1348 vel
1027 1284 1142 1348 similes
1172 1285 1343 1350 sententiae

132 1391 225 1454 simili
259 1391 349 1453 modo
383 1390 610 1472 exprimuntur,
647 1391 805 1472 inceptum
841 1390 874 1453 in
907 1390 1119 1454 dissertatione
1154 1391 1343 1455 continuavit

129 1497 284 1577 simulque
318 1496 394 1560 alios
422 1496 602 1576 insigniores
629 1498 734 1578 poetas
762 1496 793 1559 in
824 1496 1035 1578 quaestionem
1064 1496 1190 1560 vocavit.
1242 1498 1343 1578 Atque

131 1621 226 1684 quarn
255 1602 379 1665 crebrae
407 1601 487 1665 inter
513 1619 619 1665 ornnes
647 1601 711 1665 sint
740 1601 972 1676 similitudines,
1003 1604 1039 1665 ut
1060 1603 1191 1683 planum
1220 1601 1343 1679 faceret,

130 1708 217 1772 enixe
245 1725 370 1790 operam
397 1706 481 1771 dedit
508 1711 539 1772 et
568 1708 706 1771 multum
728 1743 772 1753 -
793 1710 932 1790 prompto
961 1708 1129 1789 libentique
1155 1708 1258 1772 animo
1287 1709 1345 1774 hoc

130 1813 244 1894 largior
275 1851 317 1860 -
349 1812 406 1898 „ad
439 1831 562 1895 poeseos
585 1814 687 1894 epicae
709 1813 867 1877 Romanae
890 1812 1049 1877 historiam
1076 1813 1342 1896 locupletandam“

131 1920 279 1995 contulit,
308 1922 415 1982 tamen
443 1919 519 1982 nihil
542 1918 582 1981 ad
603 1918 651 1994 id,
679 1918 760 2000 quod
787 1918 869 1981 cadit
890 1919 923 1981 in
950 1919 1202 1995 controversiam,
1232 1920 1345 1984 diiudi-

129 2025 274 2088 candum.
320 2024 403 2088 Nam
425 2024 492 2106 ipsa
513 2024 566 2087 illa
596 2024 785 2088 locutionum
806 2024 1036 2088 enumeratione
1058 2025 1213 2089 luculente
1238 2031 1345 2090 contra

130 2150 164 2194 se
179 2130 282 2212 ipsum
298 2129 375 2194 dixit
390 2148 426 2193 ac
441 2130 504 2192 rim
520 2130 693 2211 argumenti
709 2130 758 2193 sui
772 2129 939 2193 infirmavit
955 2130 1181 2211 imminuitque,
1197 2131 1344 2212 quoniam

129 2236 234 2300 docuit
267 2235 391 2300 easdem
425 2236 568 2317 loquendi
601 2236 765 2312 formulas,
801 2254 880 2317 qnae
916 2235 998 2319 apud
1032 2235 1144 2300 Silium
1177 2240 1208 2300 et
1236 2235 1343 2301 Iliadis

129 2342 308 2423 scriptorem
330 2345 509 2417 occurrunt,
539 2343 647 2406 ceteris
671 2361 790 2423 quoque
813 2342 909 2423 poetis
932 2342 1020 2406 valde
1043 2342 1076 2405 in
1099 2342 1215 2406 deliciis
1238 2342 1344 2408 fnisse.

132 2447 277 2511 Plurimis
299 2447 394 2527 Igitur
416 2447 600 2511 testimoniis
623 2448 768 2511 eximiam
783 2451 876 2530 atque
895 2448 1088 2512 verIssimam
1102 2448 1343 2529 disputationem

132 2553 312 2618 Baehrensii
326 2554 349 2636 ²)
381 2553 603 2634 comprobavit,
641 2554 694 2635 qui
723 2553 760 2617 de
789 2554 968 2617 imitationis
998 2554 1098 2618 studio
1127 2554 1209 2635 apud
1237 2557 1343 2637 poetas

129 2659 255 2722 Latinos
284 2659 371 2722 obvio
403 2661 531 2722 acutum
563 2662 594 2723 et
623 2679 735 2722 sanum
763 2658 836 2724 fecit
865 2659 1023 2723 iudicium.
1076 2658 1206 2723 Summa
1236 2663 1343 2724 autem

130 2764 409 2846 argumentationis
424 2765 580 2845 Deeringii
603 2768 650 2828 est
665 2758 756 2828 ha'ec:
789 2765 815 2828 si
837 2768 1006 2829 ceterorum
1021 2768 1182 2846 poetarum
1205 2767 1344 2830 carmina

129 2872 354 2953 comparaveris
377 2873 408 2934 et
431 2871 568 2952 exempla
589 2871 823 2952 computaveris,
846 2889 925 2952 quae
948 2870 1031 2952 apud
1054 2870 1190 2935 Statium
1212 2873 1259 2936 vel
1283 2872 1346 2935 Va-

131 2978 216 3040 rium
237 2976 384 3040 Flaccum
405 2977 454 3040 vel
476 2977 571 3039 alium
587 2976 739 3058 simulque
756 2976 837 3058 apud
853 2975 957 3040 Iliadis
974 2977 1151 3058 scriptorem
1167 2982 1343 3054 cccurmnt,

132 3083 184 3146 hic
205 3101 353 3146 numerus
376 3083 473 3146 multo
496 3083 596 3147 minor
627 3084 684 3147 erit
707 3101 801 3164 quam
825 3101 971 3147 numerus
994 3102 1099 3147 eorum
1122 3084 1266 3157 locorum,
1290 3085 1344 3165 qui

130 3188 218 3252 etin
241 3188 365 3251 Punicis
389 3192 420 3252 et
442 3189 474 3252 in
496 3187 593 3252 Iliade
615 3188 729 3253 insunt.
780 3188 889 3270 Itaque
919 3207 991 3252 cum
1013 3191 1089 3253 haec
1112 3192 1254 3271 poemata
1276 3209 1344 3254 ma-

132 3294 212 3358 xime
248 3294 400 3358 similibus
430 3295 512 3358 inter
541 3313 573 3358 se
602 3295 674 3358 locis
705 3295 815 3359 referta
839 3295 908 3370 sint,
931 3295 969 3358 ob
992 3295 1071 3359 hanc
1094 3314 1222 3359 causam
1244 3315 1343 3360 unum

131 3398 327 3481 eundemque
349 3403 472 3480 poetam
499 3419 535 3464 ea
558 3400 761 3482 composuisse
784 3419 838 3481 pro
861 3405 941 3465 certo
966 3401 1047 3464 sumi
1068 3403 1176 3482 potest.

222 3505 374 3586 Equidem
396 3506 506 3570 vellem
529 3525 581 3570 eas
604 3525 749 3570 versuum
771 3510 883 3587 partes,
906 3525 983 3588 quas
1006 3507 1135 3588 quisque
1150 3509 1239 3587 poeta
1263 3527 1347 3572 com-

131 3628 243 3675 munes
273 3612 367 3674 habet
396 3630 468 3675 cum
499 3613 643 3693 scriptore
666 3611 780 3688 Iliadis,
810 3631 870 3676 uno
899 3631 1025 3677 numero
1049 3612 1343 3692 comprehendisset:

135 3735 196 3780 non
218 3717 352 3780 multum
376 3717 562 3782 differentiae
584 3718 666 3781 inter
692 3720 774 3782 hunc
803 3720 972 3783 alterumve
1002 3721 1033 3782 et
1062 3717 1172 3782 Silium
1200 3719 1344 3784 Italicum

131 3821 276 3885 futurum
299 3841 365 3886 esse
387 3842 571 3903 persuasum
592 3825 702 3898 habeo;
732 3827 812 3888 certe
842 3825 879 3889 de
909 3824 1055 3888 clausulis
1085 3825 1343 3902 hexametrorum,

221 3997 240 4066 ¹)
259 3999 297 4050 De
321 3997 380 4050 Silii
404 3997 491 4050 Italici
516 3999 640 4065 epitomes
664 4015 691 4052 re
713 3999 821 4053 metrica
845 4002 872 4052 et
894 3999 1113 4067 generedicendi.
1159 4001 1228 4056 Dies.
1253 4004 1345 4071 inaug.

133 4085 303 4155 Argentorati
323 4087 399 4142 1886.

221 4175 241 4242 2)
260 4174 287 4226 in
306 4174 369 4230 edit.
387 4175 445 4228 Val.
462 4174 560 4244 Flacci,
572 4191 632 4244 pag.
646 4175 677 4235 V.
691 4193 746 4245 sqq.
