2910 4614
708 103 746 165 lo

119 316 174 381 VI.
192 318 371 397 23li„nunc
394 318 481 379 vasto
503 315 633 397 pondere
655 315 769 395 gaudet
791 314 917 378 Elisisse
933 333 1082 396 premens.
1118 313 1175 377 Vl.
1191 314 1264 377 374.
1290 313 1328 377 llt

119 428 235 487 certare
266 424 357 486 malis
454 423 584 503 putabat
679 440 735 485 neo
766 424 833 484 tam
863 421 978 502 fugisse
1076 421 1203 484 adversa
1234 439 1328 501 quarn

118 530 398 612 perdomuisse
447 527 499 592 Vl.
524 529 597 592 488.
631 526 692 592 Sed
725 528 802 590 milri
836 527 876 590 sit
908 527 1030 609 Stygios
1065 531 1136 591 ante
1167 528 1328 590 intravisse

118 639 243 718 penates
265 636 353 699 Talia
376 654 472 716 quam
496 635 622 699 videam.
655 633 724 697 Vll.
741 635 814 697 227.
838 633 1000 715 taedetque
1096 634 1224 697 Nullum
1244 634 1329 697 clade

119 760 196 806 nova
221 790 268 806 ...
293 742 452 822 Insignem
467 740 574 805 fecisse
590 742 699 804 locum.
733 738 802 804 Vll.
820 742 893 803 396.
917 741 1015 821 aegris
1032 740 1083 804 Nil
1099 741 1229 804 movisse
1246 741 1329 803 salus

118 849 219 912 rebus.
254 846 322 911 VII.
339 849 413 912 620.
437 848 483 911 vel
505 851 602 911 morte
618 848 729 912 emisse
744 848 887 910 volebant
903 846 1038 929 Spectari
1054 847 1155 910 Fabio.
1189 846 1242 911 IX.
1255 848 1329 909 424.

121 955 245 1035 aequari
261 954 449 1036 potuisti...
464 954 579 1028 Paullo,
597 953 628 1017 Si
644 953 701 1016 tibi
717 972 776 1016 non
792 1002 799 1016 .
814 1001 840 1016 ..
858 957 939 1017 esset
954 954 1132 1035 ademptum
1147 953 1329 1016 Hannibalis

120 1061 266 1124 cecidisse
288 1077 392 1122 manu.
438 1056 490 1121 IX.
507 1059 580 1123 431.
603 1061 743 1122 mutasse
770 1059 853 1140 piget
875 1060 989 1123 maiore
1014 1060 1070 1122 sub
1093 1059 1179 1123 hoste
1203 1059 1330 1122 Proelia.

119 1165 171 1230 ΧΙ.
191 1168 242 1230 73.
264 1165 437 1246 Torquatus
461 1182 553 1228 avum
575 1165 673 1229 fronte
696 1166 875 1246 aequauisse
899 1184 1003 1229 severa
1026 1165 1152 1228 Nobilis.
1186 1164 1239 1228 XI.
1256 1166 1331 1228 213.

121 1271 338 1354 Componimur
366 1272 442 1335 eheu
461 1269 589 1334 Vecordi
613 1270 705 1334 Decio
728 1290 851 1334 meeum
875 1274 1007 1336 certasse
1031 1271 1151 1334 volenti.
1186 1271 1238 1333 Xl.
1256 1271 1329 1333 248.

122 1396 196 1440 nam
220 1377 263 1440 sic
284 1376 490 1441 Hannibalem
513 1376 600 1440 decet
622 1377 792 1440 intravisse.
827 1376 880 1441 XI.
897 1379 970 1440 251.
993 1396 1049 1440 nec
1072 1377 1154 1440 enim
1170 1380 1200 1440 te
1292 1377 1332 1439 sit

123 1483 170 1545 fas
194 1483 290 1546 cacsIs
312 1484 452 1566 placasse
474 1482 619 1546 iuvencis.
650 1481 702 1548 XI.
719 1484 791 1546 528.
809 1502 869 1546 non
885 1483 954 1565 plus
970 1487 1090 1564 optasse
1106 1482 1213 1546 liberet
1229 1481 1330 1560 Quam

124 1591 190 1652 tum
214 1590 363 1653 concessit
384 1587 489 1653 dexter
511 1587 604 1651 Deus.
639 1587 708 1651 XII.
726 1590 798 1652 311.
823 1589 915 1652 Haud
938 1592 1027 1652 tanta
1049 1590 1177 1652 cessisse
1200 1589 1279 1651 viros
1300 1589 1331 1650 in

124 1696 258 1776 ternpore
281 1695 336 1758 tali
359 1693 471 1759 Laudis
494 1697 575 1758 sorte
598 1695 688 1776 piget.
734 1693 821 1758 Xlll.
839 1696 911 1758 319.
935 1714 972 1758 ne
996 1695 1110 1776 templa
1133 1695 1190 1758 sub
1213 1714 1274 1758 nno
1296 1692 1331 1758 ln

122 1801 256 1864 cinerem
289 1801 418 1864 traxisse
451 1820 522 1881 rogo
557 1801 685 1883 (velint).
740 1800 826 1863 XIII.
851 1802 923 1864 369.
958 1821 1014 1865 nec
1048 1802 1129 1864 enirn
1164 1802 1333 1865 occuluisse

121 1907 279 1988 probarim
303 1906 483 1989 Spectatum
506 1909 553 1972 vel
575 1908 608 1969 in
631 1907 716 1969 hoste
733 1906 834 1970 decus.
865 1905 951 1970 XIll.
969 1909 1040 1971 744.
1063 1907 1227 1971 Decimum
1242 1908 1332 1971 modo

122 2017 261 2095 coeperat
291 2031 409 2077 annum
432 2013 606 2078 Excessissc
637 2032 719 2094 puer.
765 2012 833 2076 XV.
852 2014 924 2075 105.
947 2012 1011 2076 Nec
1034 2013 1114 2076 bona
1137 2015 1333 2090 censendum,

123 2138 201 2200 qnae
230 2119 290 2183 fors
319 2119 415 2182 infida
445 2120 563 2183 dedisse
587 2121 687 2200 Atque
718 2119 824 2183 eadem
847 2119 984 2201 rapuisse
1006 2119 1095 2182 valet.
1140 2119 1242 2184 XVll.
1259 2120 1332 2184 209.

119 2244 178 2289 non
202 2244 293 2289 auras
315 2225 413 2307 poscit
436 2226 552 2289 amicas
567 2224 734 2290 Contentus
758 2226 893 2289 caruisse
910 2224 996 2290 Noto.
1015 2261 1054 2270 —-
1074 2224 1200 2301 Iniuria,
1223 2228 1259 2288 ut
1275 2225 1331 2288 hoc

123 2332 211 2412 quasi
226 2331 413 2414 praeteriens
429 2331 540 2406 dicam,
564 2331 756 2396 Schinlrelius
773 2332 874 2395 affert:
898 2331 966 2395 XV.
985 2333 1057 2396 551.
1076 2332 1252 2395 audendum
1276 2334 1331 2407 est,

125 2436 205 2517 quod
227 2436 369 2519 depulso.
383 2484 390 2499 .
404 2439 510 2501 .hoste
534 2438 672 2502 Victores
695 2439 803 2503 fecisse
826 2441 978 2512 tremant3
1005 2458 1079 2502 nam
1102 2439 1158 2502 hoc
1192 2440 1256 2502 loco
1282 2438 1334 2513 ‚fe-

124 2543 211 2607 cIsse‘
232 2561 337 2608 veram
358 2544 452 2607 habet
474 2544 600 2626 perfecti
624 2544 883 2625 significationem.
916 2581 955 2591 -
980 2545 1104 2610 Praeter
1127 2547 1202 2609 haee
1226 2544 1333 2608 Schin-

123 2649 220 2712 lellus
242 2649 306 2731 ipse
323 2649 518 2731 septuaginta
539 2651 602 2714 fere
618 2652 756 2732 exempla
780 2652 909 2732 collegit,
929 2669 1007 2732 quae
1030 2651 1070 2714 ad
1096 2651 1245 2714 maiorem
1267 2670 1334 2733 per-

122 2755 313 2837 spicientiam
336 2756 563 2819 consuetudinis
586 2756 677 2819 huius
702 2754 834 2820 Silianae
862 2756 997 2820 conferas
1021 2757 1122 2821 velim.

209 2877 278 2943 Iam
289 2897 360 2942 vero
376 2878 471 2943 Silius
486 2898 721 2961 nonnumquam
736 2879 778 2924 '-
791 2881 823 2944 id
835 2880 914 2961 quod
927 2899 964 2944 ne
976 2880 1078 2961 tetigit
1090 2881 1213 2962 quidem
1228 2880 1335 2945 Schin-

123 2986 219 3050 kelius
244 3022 284 3031 -
309 2985 495 3049 infinitivum
524 2988 692 3067 praesentis
721 2987 836 3068 posuit,
867 3005 939 3050 cum
966 2990 1176 3069 exspectemus
1199 2987 1331 3069 perfecti.

124 3089 392 3157 callirroe.
421 3094 535 3155 Aeeten
569 3092 683 3173 prolem
713 3093 891 3174 Anguitiam
913 3094 996 3157 mala
1029 3094 1170 3174 gramina
1199 3094 1333 3177 primam

124 3197 342 3262 Monstravisse
371 3197 474 3261 ferunt
503 3200 648 3279 tactuque
677 3199 800 3263 domare
831 3218 947 3263 venena
970 3199 1141 3263 Etleuam
1163 3199 1332 3264 excussisse

100 3334 104 3343 ·
123 3306 199 3386 polo.
229 3302 298 3367 XV.
317 3304 388 3367 710.
413 3302 564 3368 Occubuit
581 3354 587 3367 .
602 3354 608 3367 .
623 3354 629 3368 .
645 3304 686 3367 ut
702 3324 768 3368 sero
783 3305 933 3385 ingemuit
949 3306 1078 3370 stabulis
1094 3306 1173 3370 exire
1188 3306 1332 3388 paternIs.

124 3408 224 3473 XVII.
242 3410 315 3472 583.
339 3428 409 3491 pars
431 3409 509 3474 ferro
533 3411 712 3474 occumbere
733 3411 860 3475 credunt
885 3411 1126 3494 (Hannibalem),
1150 3411 1226 3474 Pars
1248 3412 1335 3475 dam·

124 3534 214 3580 nasse
238 3515 344 3590 aciem,
368 3519 398 3578 et
422 3515 545 3598 Superis
569 3518 697 3581 cessisse
726 3517 865 3581 sinistris.
891 3555 931 3562 —-
955 3516 1036 3582 Item
1058 3517 1225 3581 infinitivus
1249 3537 1336 3599 prac-

125 3623 221 3686 sentis
245 3622 366 3704 saepius
383 3622 539 3686 adhibltus
556 3627 611 3698 est,
635 3624 688 3687 ubi
699 3624 782 3704 leges
797 3625 1018 3704 grammaticae
1033 3622 1222 3686 infinitivum
1237 3624 1334 3688 futuri

124 3729 295 3810 postulant:
331 3726 468 3791 11351.
498 3748 534 3792 ac
567 3729 700 3793 fiammis
735 3749 822 3794 urere
851 3733 973 3812 gentem
1004 3728 1130 3794 lurabat
1158 3730 1334 3811 PhrygIam.

126 3833 213 3898 Vlll.
231 3836 282 3898 94.
308 3838 410 3916 sperat
431 3853 576 3916 responsa
600 3835 724 3899 remitti.
765 3834 851 3899 Vlll.
868 3837 940 3899 261.
965 3835 1070 3916 lingua
1094 3836 1236 3918 sperabat
1251 3836 1334 3900 adire

126 3940 174 4003 Ad
203 3941 326 4004 dextrae
356 3940 457 4004 decus.
503 3940 555 4004 IX.
578 3941 651 4005 475.
680 3941 745 4005 Neo
776 3945 877 4023 speret
906 3941 1034 4024 (Pallas)
1063 3943 1138 4007 fixas
1167 3943 1335 4007 Parcarum

125 4049 242 4110 vertere
265 4047 356 4127 leges.
387 4046 424 4109 X.
441 4047 492 4108 20.
516 4064 587 4109 oum
603 4065 744 4128 capream
759 4050 884 4111 venator
899 4049 964 4128 agit
980 4049 1153 4130 fessamque
1169 4049 1335 4131 propInquo

127 4152 304 4234 Insequitur
326 4172 419 4217 cursu
442 4152 472 4215 et
488 4154 589 4233 sperat
611 4153 674 4215 iam
698 4155 822 4234 tangere
843 4155 956 4218 dextra.

1138 4258 1177 4323 2*
