2910 4614
324 681 385 782 Α.
433 679 756 799 Quaestiones
791 679 1157 812 grammaticae.

662 911 820 920 ...—

443 1067 514 1147 Dc
541 1067 761 1168 partibus
790 1065 1037 1147 orationis,

555 1263 587 1329 Ι.
617 1261 669 1329 Ile
693 1262 935 1330 substantivis

223 1405 269 1469 De
302 1405 502 1469 substantivis
533 1405 681 1468 concretis
709 1405 759 1468 vel
787 1423 913 1468 numero
942 1403 1090 1484 singulari
1118 1402 1273 1466 collective
1296 1402 1353 1466 ad-

135 1510 239 1575 hibitis
268 1512 315 1573 vel
337 1511 462 1592 plurali,
499 1529 571 1574 cum
594 1513 699 1574 nostra
720 1510 825 1590 lingua
847 1513 974 1573 utamur
997 1508 1152 1589 singulari,
1179 1508 1229 1571 vir
1251 1509 1349 1572 habeo

137 1617 218 1698 quod
250 1616 359 1680 dicam.
405 1615 487 1679 Nam
519 1634 707 1697 quamquam
737 1618 769 1678 et
799 1614 891 1679 Silius
923 1618 954 1679 01
976 1615 1080 1678 Iliadis
1111 1615 1238 1696 scriptor
1267 1615 1349 1677 hunc

135 1741 229 1786 usum
259 1722 379 1785 dicendi
408 1723 455 1785 vel
487 1721 664 1803 saepissime
696 1721 793 1784 secuti
823 1724 911 1796 sunt,
942 1723 1047 1784 tamen
1078 1721 1136 1784 hac
1159 1735 1193 1784 er
1217 1739 1249 1783 00
1273 1720 1350 1782 nihil

135 1827 277 1891 concludi
310 1829 409 1908 potest
445 1846 543 1908 neque
572 1827 611 1890 ad
644 1845 748 1890 corum
779 1827 963 1908 quibuscum
995 1826 1149 1889 consentio
1180 1825 1352 1906 opinionem

136 1933 377 1996 confirmandam
401 1953 499 2014 neque
522 1933 562 1996 ad
585 1933 769 1996 sententiam
785 1933 1027 1996 adversariorum
1041 1931 1285 2013 improbandam.
1308 1965 1349 1975 —

137 2039 224 2102 idem
246 2039 308 2102 lere
330 2039 407 2102 mihi
431 2039 595 2104 dicendum
618 2041 666 2102 est
681 2039 718 2101 de
734 2038 933 2102 substantivis
950 2038 1113 2101 abstractis
1133 2055 1259 2100 numero
1282 2037 1351 2118 plu-

135 2145 192 2208 rali
214 2145 330 2226 positis.

223 2266 336 2330 Contra
358 2286 419 2330 non
446 2267 554 2330 inutile
578 2268 638 2342 est.
667 2269 704 2329 ut
730 2266 932 2330 elocutionem
955 2264 1023 2330 Silii
1045 2266 1216 2329 liberiorem
1238 2265 1348 2329 adum-

136 2374 270 2447 bremus‚
294 2372 442 2453 copiosius
466 2390 556 2452 agere
579 2372 616 2436 de
640 2372 842 2435 substantivis
866 2373 1030 2435 abstractis
1052 2372 1116 2435 vice
1137 2374 1348 2436 concretorum

135 2478 344 2559 fungentibus,
369 2496 447 2559 quae
470 2477 501 2539 in
524 2478 658 2541 carmine
681 2475 794 2541 Siliano
818 2478 893 2540 satis
917 2477 1040 2541 crebrae
1064 2480 1145 2553 sunt,

224 2583 257 2665 1)
282 2602 410 2646 numero
434 2583 581 2663 singulari
597 2581 759 2646 adhibitis:
784 2601 809 2646 e.
826 2601 854 2663 g.
878 2583 902 2647 l.
920 2584 971 2646 26.
994 2585 1132 2647 vetustas
1149 2576 1347 2647 --’-1000010000

135 2690 257 2753 vetusti.
293 2689 316 2752 Ι.
335 2689 408 2752 453.
431 2689 540 2753 caedes
564 2718 606 2741 =
629 2689 727 2752 occisi.
765 2688 789 2751 Ι.
806 2689 880 2752 479.
905 2689 974 2753 10111
989 2708 1075 2752 mora
1097 2718 1140 2741 =
1163 2690 1213 2771 qui
1230 2690 1348 2753 bellum

135 2798 281 2858 moratur.
335 2794 375 2857 II.
392 2794 465 2857 438.
489 2797 618 2858 venatus
641 2824 684 2846 =
713 2797 880 2858 venatores.
937 2794 976 2858 ll.
999 2795 1072 2858 483.
1101 2793 1138 2857 X.
1156 2796 1228 2859 571.
1253 2796 1349 2858 honor

136 2930 180 2952 =
202 2901 294 2964 verba
317 2899 488 2963 honorifica.
534 2899 664 2963 11641.
689 2904 810 2963 senecta
833 2928 875 2952 =
898 2904 997 2964 mater
1028 2918 1132 2974 senen,
1163 2902 1194 2964 et
1224 2901 1346 2982 saepius

136 3024 206 3087 pro:
231 3006 320 3068 homo
337 3024 437 3069 senex.
473 3004 513 3068 Il.
531 3007 604 3068 682.
626 3005 719 3068 funus
736 3034 778 3057 =
793 3024 917 3087 corpora
932 3009 1062 3069 mortua.
1091 3005 1147 3070 ΙΙΙ.
1165 3007 1215 3070 87.
1239 3009 1346 3087 partus

136 3139 179 3164 =
201 3130 285 3193 puer.
331 3110 387 3173 lll.
404 3112 478 3173 288.
502 3108 646 3174 Gaetulia
670 3139 712 3163 =
736 3109 868 3175 Gaetuli.
913 3111 969 3174 Ill.
987 3113 1060 3174 321.
1085 3112 1281 3192 naufragium
1303 3141 1346 3163 =

136 3235 229 3280 naves
259 3215 435 3295 naufragae.
488 3214 634 3279 111630.
665 3235 776 3280 aevum
805 3245 848 3269 =
878 3217 998 3297 posteri.
1043 3216 1099 3280 Ill.
1116 3217 1189 3281 493.
1220 3217 1346 3281 obtutus

137 3351 180 3374 =
202 3321 289 3386 oculi.
343 3321 492 3384 111190.
522 3319 605 3384 furor
634 3320 769 3386 Celticus
798 3352 841 3374 =
872 3321 975 3385 Celtae
1004 3322 1150 3386 furentes.
1203 3322 1255 3387 IV.
1273 3325 1345 3386 528.

135 3427 219 3491 furor
243 3429 306 3490 irae
328 3427 438 3508 Tyriae
462 3455 504 3478 =
526 3425 684 3490 Hannibal
710 3428 806 3492 iratus
838 3446 874 3491 ac
906 3428 1020 3492 furens.
1066 3428 1118 3492 IV.
1138 3430 1209 3492 799.
1231 3428 1346 3492 indoles

137 3563 179 3586 =
202 3552 277 3614 puer
292 3532 388 3596 bonae
403 3531 521 3595 indolis.
556 3531 621 3595 XV.
639 3534 711 3596 648.
735 3552 830 3614 poena
846 3561 889 3586 ε
904 3534 993 3597 homo
1017 3535 1152 3616 punitus.
1186 3533 1347 3598 1111456.

137 3641 259 3703 senecta
283 3639 370 3719 Pylia
392 3667 436 3690 =
460 3656 550 3701 senex
563 3637 677 3718 Pylius.
727 3638 783 3702 lll.
799 3641 870 3703 626.
895 3639 930 3703 V.
947 3641 1021 3704 682.
1046 3644 1170 3705 senecta
1185 3641 1284 3723 patria
1303 3669 1346 3691 =

136 3747 223 3828 pater
247 3763 345 3808 senex.
385 3742 437 3805 Vl.
454 3743 505 3806 32.
528 3762 611 3807 mors
635 3773 678 3796 =
700 3745 839 3809 cadaver.
877 3745 929 3809 Vl.
946 3746 1019 3810 476.
1044 3748 1200 3829 captivum
1216 3746 1344 3810 senium.

137 3850 205 3913 Vll.
222 3851 273 3913 94.
298 3868 457 3912 summum
486 3849 578 3912 decus
608 3880 650 3902 =
678 3850 818 3915 dictator.
864 3850 948 3915 Vlll.
967 3852 1039 3915 113.
1063 3871 1149 3916 amor
1171 3880 1214 3905 =
1237 3853 1344 3916 amica.

136 3956 189 4019 IX.
206 3957 279 4018 226.
302 3955 465 4036 imperium
489 3983 531 4006 =
553 3954 727 4036 imperator.
773 3956 916 4022 ΧΙ.176.
944 3960 1039 4021 terror
1067 3987 1110 4010 =
1139 3958 1236 4022 hostis
1259 3959 1347 4022 terri·

136 4062 221 4125 ficus.
266 4060 335 4124 vu.
353 4061 426 4123 svn.
449 4059 564 4123 cosano
594 4090 636 4112 =
662 4063 777 4127 malvas
807 4064 915 4128 urcem
942 4063 1124 4128 obscoenas.
1168 4042 1254 4127 uui.
1271 4064 1345 4127 soo.
