2910 4614
73 4264 99 4343 ie

145 359 259 437 poetas,
283 357 336 420 sed
359 358 452 420 etiam
477 359 514 420 in‘
531 359 664 422 oratioue
688 359 822 440 pedestri
846 377 935 422 nemo
952 359 1051 422 nescit
1066 377 1163 441 neque
1181 359 1367 439 liceriugius

145 463 273 542 ignorat.
286 464 309 544 ¹)
335 499 373 507 —-
399 463 486 542 Quod
510 464 640 546 denique
664 463 768 528 Iliadis
793 466 922 546 scriptor
944 464 1119 545 catalogum
1143 464 1273 527 navium
1298 465 1368 527 dili-

147 572 254 648 genter
278 573 479 651 accurateque
503 571 601 640 xertit,
626 571 712 645 duae,
735 572 848 655 opinor,
873 574 961 634 erant
976 589 1105 634 causae:
1128 571 1365 653 primumquod

146 674 270 738 omnino
293 675 427 757 quinque
451 677 563 757 primos
587 677 678 740 libros
702 676 827 740 Homeri
850 696 910 739 non
926 677 970 739 ita
986 677 1144 752 contraxit,
1166 680 1203 740 ut
1217 676 1366 758 reliquos,

146 783 214 843 tum
238 784 273 843 ut
297 784 395 845 artem
420 801 508 844 suam
533 784 694 846 metricam
717 782 859 856 iactaret,
888 801 959 846 curn
982 785 1047 845 tota
1070 783 1123 846 illa
1145 801 1216 865 pars
1239 787 1367 864 propter

146 887 261 949 multas
291 886 499 963 difficultates,
529 907 605 970 quas
636 889 759 951 nomina
781 889 900 972 propria
926 888 1134 962 habentnon
1157 887 1242 952 reddi
1265 891 1366 970 possit

108 1066 110 1073 s
146 992 206 1055 nisi
229 1011 340 1073 magno
364 994 475 1058 labore.

233 1115 351 1180 Tamen
375 1116 554 1197 Doeringius
578 1118 667 1180 illum
690 1119 784 1181 maris
808 1137 944 1180 amorem
962 1119 1042 1200 apud
1060 1118 1238 1200 scriptorem
1255 1117 1365 1182 Iliadis

147 1240 206 1286 non
228 1223 346 1304 primus
370 1224 521 1286 iuvenisse
545 1224 603 1286 sibi
627 1225 710 1287 risus
731 1227 793 1290 est:
815 1223 988 1287 immolam
1005 1223 1241 1299 Wernsdorfius
1267 1243 1364 1306 quem

145 1329 258 1392 tacitus
275 1330 492 1410 transscripsit,
508 1330 584 1392 haec
599 1329 660 1393 fere
676 1330 779 1392 omnia
795 1330 929 1411 protulit.
962 1328 1153 1411 Quapropter
1171 1367 1211 1376 -
1223 1329 1365 1393 mirum!

146 1470 188 1480 —
212 1453 270 1515 quo
295 1435 521 1498 Werusdoriins
538 1454 612 1498 usus
630 1439 676 1498 est
692 1439 881 1515 argumento,
907 1439 941 1498 ut
958 1435 1078 1499 doceret
1099 1435 1214 1499 Rufum
1230 1435 1366 1500 Festum

146 1540 298 1604 Avienum
321 1559 388 1604 esse
413 1542 589 1621 scriptorem
613 1540 727 1615 Iliadis,
749 1540 832 1603 idem
855 1542 887 1603 in
904 1542 1011 1604 eadem
1027 1559 1059 1604 re
1075 1542 1106 1604 in
1124 1540 1236 1604 Silium
1253 1541 1367 1606 cadere

145 1645 326 1725 Doeringins
350 1646 436 1709 uobis
468 1646 649 1726 persuadere
681 1645 799 1721 studet,
823 1665 931 1728 nempe
963 1664 1061 1727 aequo
1092 1651 1123 1710 et
1152 1647 1218 1728 pari
1248 1651 1365 1711 eventu

146 1755 238 1832 atque
262 1750 496 1819 Wernsdorfius.

146 2068 197 2136 llo
221 2070 452 2137 substantivis
475 2072 513 2137 in
539 2070 642 2155 „·tor“
666 2072 703 2137 ot
724 2072 768 2138 de
790 2071 976 2138 adiectiris
999 2070 1039 2136 in
1064 2068 1165 2156 „·i³er“
1188 2070 1224 2135 et
1249 2071 1363 2154 „·gcr“

518 2196 554 2261 et
579 2195 707 2280 „·osus“
731 2195 987 2262 desinentibus.

234 2335 434 2401 Substantiva
463 2338 494 2400 in
527 2336 622 2421 „-tor“
652 2338 794 2400 exeuntia
822 2355 976 2417 nusquam
999 2337 1150 2400 crebriora
1173 2354 1239 2399 esse
1263 2355 1363 2417 quam

144 2442 176 2504 in
200 2441 323 2505 Punicis
346 2445 456 2506 notum
479 2447 534 2506 est.
574 2442 646 2523 Legi
670 2443 752 2506 eninr
776 2443 857 2524 apud
881 2441 991 2506 Silium
1015 2443 1092 2506 haec
1107 2441 1364 2523 duodequinqua-

144 2548 238 2627 ginta,
263 2566 341 2629 quae
365 2548 556 2629 quingenties
580 2549 741 2612 duodecies
765 2548 900 2612 adhibita
923 2551 1013 2612 sunt:
1037 2549 1118 2611 altor
1140 2549 1247 2611 auctor
1265 2547 1365 2612 bella-

145 2657 192 2717 tor
215 2653 352 2718 conditor
374 2655 473 2718 cultor
495 2657 656 2719 cunctator
679 2654 766 2718 dator
788 2654 928 2718 defensor
952 2654 1082 2717 dictator
1109 2653 1240 2716 domitor
1263 2652 1365 2717 domi·

145 2762 234 2823 nator
256 2761 362 2824 ductor
386 2780 505 2825 eversor
528 2762 697 2845 explorator
719 2761 815 2823 factor
830 2761 950 2840 genitor
965 2760 1094 2823 iactator
1117 2759 1267 2822 iaculator
1282 2759 1365 2822 iani·

146 2866 193 2927 tor
216 2865 342 2946 largitor
371 2868 500 2931 latrator
514 2862 663 2929 'laudator
690 2867 778 2929 lictor
800 2884 918 2929 messor
939 2864 1112 2928 moderator
1134 2864 1268 2928 monitor
1291 2883 1365 2928 nar-

146 2974 228 3034 rator
256 2975 381 3054 pacator
411 2975 514 3053 pastor
542 2973 674 3054 piscator
704 2971 866 3053 populator
896 2971 1022 3053 portitor
1050 2988 1207 3052 possessor
1241 2973 1364 3052 potator

145 3077 279 3159 proditor
308 3081 460 3160 pugnator
489 3080 591 3159 raptor
622 3079 722 3140 rector
744 3079 885 3156 regnator
909 3080 991 3140 sator
1015 3077 1168 3158 spectator
1190 3075 1363 3157 speculator

147 3202 253 3247 suasor
275 3183 410 3247 sulcator
431 3184 513 3247 ultor
535 3186 660 3247 venator
682 3182 780 3245 viator
802 3183 905 3245 victor.

234 3306 368 3370 Maxime
392 3306 485 3370 Silius
508 3308 654 3371 vocabulo
677 3307 812 3370 ductoris
836 3306 1004 3370 delectatus
1036 3307 1091 3378 est,
1124 3305 1204 3386 quod
1234 3308 1363 3368 centurn

147 3413 312 3492 nonaginta
335 3420 402 3476 octo
424 3413 497 3477 locis
521 3413 630 3489 inveni,
654 3415 722 3477 tum
746 3412 876 3488 victoris,
900 3410 980 3492 qnod
1003 3410 1148 3490 nonagies
1173 3409 1268 3474 sexies
1290 3410 1361 3491 legi.

148 3554 188 3562 —
213 3517 413 3582 Substantiva
437 3519 468 3581 in
493 3518 598 3603 „-trix“
629 3518 798 3582 desinentia
820 3519 896 3580 haec
924 3519 990 3579 octo
1020 3515 1137 3598 repperi
1161 3514 1363 3596 quadragies:

146 3624 236 3686 altrix
266 3624 404 3688 bellatrix
433 3625 557 3688 cicatrix
587 3625 789 3706 contemptrix
814 3622 942 3687 creatrix
964 3622 1103 3702 genetrix
1126 3621 1219 3684 ultrix
1242 3621 1361 3684 victrix.

235 3745 294 3810 Cir.
318 3747 350 3810 in
373 3746 484 3811 Iliade:
510 3751 594 3812 actor
616 3748 689 3810 489.
716 3785 755 3792 —
780 3749 886 3810 auctor
909 3746 960 3808 41.
980 3747 1051 3808 165.
1076 3783 1117 3791 -
1141 3744 1271 3807 bellator
1286 3744 1362 3846 629.

146 3855 335 3919 commentor
358 3854 430 3916 527.
448 3854 520 3916 579.
539 3891 578 3898 -
596 3853 704 3917 ductor
728 3854 801 3915 519.
817 3854 888 3915 777.
914 3888 953 3895 --
977 3851 1096 3931 genitor
1113 3851 1184 3914 107.
1200 3850 1272 3913 537.
1286 3851 1362 3914 980.

146 3993 190 4007 -
212 3959 329 4023 lerator
354 3959 424 4021 123.
449 3996 490 4005 -
513 3978 632 4022 messor
655 3960 727 4020 aad.
753 3993 793 4002 —-
817 3960 916 4020 rector
947 3957 1018 4019 899.
1050 3993 1089 4001 —
1120 3958 1264 4036 regnator
1287 3955 1362 4019 345.

149 4118 398 4129 ...u———a---m
429 4120 432 4123 -
458 4120 464 4124 -

237 4200 495 4344 1)οἱτ.11Α1.αά
513 4203 531 4256 l.
550 4204 567 4258 1.
