2910 4614
748 147 769 210 4

151 374 214 419 uon
245 355 446 438 quadrarent,
474 376 511 421 ea
539 359 594 421 aut
623 359 756 422 mutavit
784 362 839 422 aut
867 359 979 423 omisit.
1025 357 1267 442 Nonnumquam
1290 378 1366 424 sane

152 462 202 524 vix
230 462 368 544 intellegi
397 466 511 545 potest,
540 483 594 528 cur
623 465 655 528 iu
683 466 870 546 quibusdam
898 466 989 529 rebus
1020 482 1038 527 a
1068 465 1152 529 Liuio
1180 465 1359 531 discesserit

152 567 270 632 Multas
299 570 424 650 insuper
455 589 563 634 causas
594 570 776 652 Doeringius
808 571 925 635 addidit
952 571 1075 653 leves1)
1105 575 1141 634 ut
1168 572 1265 653 opinio
1292 591 1363 636 mea

242 765 262 830 ¹)
280 761 331 815 Sed
348 762 427 816 liceat
450 762 516 816 mihi
534 762 625 816 statim
643 764 670 816 in
689 763 856 818 annotatione
874 763 999 817 nonnulla
1023 766 1206 831 ,argumenta“
1227 764 1362 832 Doeringii

149 848 249 918 afferre,
267 866 328 903 nam
346 850 462 904 refutare
480 852 522 904 vix
541 851 592 905 dici
609 853 703 919 potest.
722 881 756 892 -
774 851 840 920 Pag.
861 853 901 907 11.
932 855 1070 920 postquam
1094 851 1126 905 de
1144 853 1275 920 inaequali
1291 855 1360 906 trac·

149 938 250 992 tatione
266 939 390 992 materiae
402 955 484 1007 pauca
496 939 575 995 verba
587 939 656 1008 fecit,
669 942 778 994 annotat
795 940 870 994 baec:
899 940 964 1006 ,ain
982 938 1214 1008 eigenthiimlicher
1226 941 1313 994 Zufall
1325 942 1362 994 ist

149 1041 185 1094 es,
204 1042 297 1080 wenn
315 1043 347 1081 es
365 1028 414 1080 ein
434 1028 565 1082 solcher
581 1029 642 1097 ist,
661 1028 718 1082 dass
737 1029 803 1082 auch
821 1029 849 1082 in
867 1028 917 1084 den
937 1028 1036 1082 Punica
1054 1045 1103 1082 von
1116 1028 1190 1081 Buch
1204 1030 1236 1083 12
1256 1029 1360 1083 dieBe·

151 1113 290 1183 handluug
308 1114 353 1169 des
366 1115 461 1169 Stoffss
479 1115 539 1170 sehr
557 1117 678 1185 ungleich
691 1116 763 1183 wird,
785 1115 840 1170 und
858 1116 975 1170 vollends
992 1116 1018 1169 in
1032 1116 1104 1170 Buch
1119 1118 1151 1171 17
1171 1115 1362 1170 darVerfasser

149 1201 272 1256 sichtlich
291 1220 350 1257 zum
369 1203 491 1258 Schlusse
509 1205 578 1258 eilt.“
606 1235 639 1244 -
664 1205 710 1260 Nil
730 1204 813 1258 dicam
832 1203 905 1258 aliud
929 1220 984 1258 esse
1001 1203 1073 1258 mille
1091 1220 1181 1258 versus
1199 1221 1229 1258 ex
1247 1205 1359 1258 ahorum

147 1290 251 1358 scriptis
269 1291 436 1361 conscribere,
454 1291 527 1346 aliud
544 1293 600 1346 suis
617 1292 717 1346 viribus
735 1292 916 1360 septemdecim
933 1292 1014 1346 hbros
1032 1308 1195 1360 componere;
1218 1293 1256 1346 nil
1274 1292 1359 1347 dicam

148 1377 243 1432 Silium
261 1379 455 1447 ingravescente
467 1384 601 1434 senectute
619 1385 735 1434 coactum
748 1397 804 1434 esse
816 1381 945 1434 infinitam
964 1383 1043 1449 atque
1057 1380 1210 1434 immensam
1224 1382 1358 1435 materiem

146 1468 343 1536 angustioribus
367 1468 462 1522 finibus
493 1469 700 1523 circumscribere
729 1485 882 1537 carmenque
905 1467 1011 1523 tandem
1035 1468 1069 1522 ad
1097 1469 1194 1522 exitum
1219 1468 1358 1523 adducere:

147 1554 270 1609 nimirum
295 1572 310 1609 e
333 1556 468 1624 Doeringii
496 1557 624 1611 sententia
653 1559 786 1625 proprium
812 1557 869 1611 Silii
899 1560 956 1611 erat
984 1557 1110 1625 principio
1134 1557 1294 1624 voluptatem
1326 1574 1357 1610 ex

144 1643 280 1712 aliquare
298 1660 396 1712 capere,
420 1647 511 1712 postea
528 1649 616 1698 autem
635 1645 772 1698 imminuto
794 1645 881 1698 studio
899 1648 1017 1712 coeptum
1042 1661 1108 1712 opus
1125 1661 1303 1712 approperare.
1322 1676 1357 1684 -

145 1732 267 1786 Ceterum
296 1736 476 1802 praeterquam
501 1732 570 1802 quod
594 1734 672 1801 primi
695 1736 748 1787 tres
772 1734 833 1787 anni
856 1733 918 1787 belli
942 1734 1100 1787 uberrimam
1123 1734 1259 1787 materiam
1283 1751 1358 1802 prae-

146 1820 266 1890 buerunt,
291 1823 381 1889 aptum
399 1825 440 1874 est
458 1821 537 1875 Statii
555 1821 712 1875 Thebaidem
737 1837 795 1874 curn
814 1821 920 1875 Punicis
943 1837 1099 1890 comparare,
1123 1838 1174 1890 quo
1192 1823 1219 1875 in
1244 1823 1357 1876 carmine

144 1909 231 1962 decem
249 1910 328 1977 primi
352 1909 413 1963 libri
434 1910 570 1978 explentur
594 1909 762 1978 orationibus,
787 1909 1009 1978 descriptionibus,
1035 1908 1201 1972 ἐπεισοδίοις,
1227 1914 1356 1978 apparatu

143 1997 213 2066 belli,
232 1996 332 2051 duobus
351 1998 453 2051 ultimis
471 1998 568 2052 bellum
587 1999 682 2066 ipsum,
702 1997 801 2066 dequo
820 1996 950 2066 agendum
968 2001 1032 2066 erat,
1053 2001 1196 2054 enarratur.
1216 2029 1249 2036 -

231 2085 296 2155 Pag.
316 2090 339 2141 9.
371 2087 528 2156 Doeringius
546 2087 573 2139 in
597 2103 626 2140 eo
645 2088 844 2156 ,argumentum‘
863 2086 931 2140 cerui
950 2086 1008 2140 vult
1032 2086 1101 2155 quod
1119 2087 1146 2139 in
1171 2089 1281 2154 utroque
1299 2103 1355 2140 car·

143 2174 212 2228 ruine
230 2175 321 2229 Musae
344 2175 485 2228 identidem
510 2176 662 2228 invocantur
681 2204 714 2214 -
733 2175 875 2244 singularis
892 2174 1013 2228 videlicet
1030 2191 1079 2243 res,
1104 2190 1183 2242 quarn
1201 2176 1271 2243 apud
1289 2176 1356 2228 alios

144 2261 245 2316 frustra
262 2265 383 2331 quaeras!
415 2263 514 2317 Ibidem
533 2264 648 2316 invenies
663 2265 847 2330 argumentum
866 2263 980 2316 eiusdem
998 2261 1126 2331 ponderis,
1144 2261 1214 2330 quod
1230 2263 1259 2316 in
1271 2262 1354 2316 lhade

142 2367 207 2418 gens
225 2351 297 2405 luha
316 2351 467 2420 celebratur,
486 2353 513 2404 in
531 2351 638 2405 Punicis
656 2367 720 2421 gens
732 2351 825 2405 Flavia
844 2381 877 2390 -
896 2351 995 2404 seilicet
1012 2351 1058 2404 alii
1076 2354 1167 2419 poetae
1184 2352 1356 2419 imperatores

140 2455 190 2491 non
210 2437 312 2492 adulati
330 2440 403 2493 sunt!

229 2526 294 2596 Pag.
314 2528 356 2583 28.
392 2527 461 2594 quod
485 2529 588 2596 quaerit
604 2528 775 2598 Doeringius:
809 2527 865 2594 ,lst
888 2543 915 2581 es
940 2527 982 2580 ain
1004 2527 1100 2596 Zuiall,
1125 2526 1183 2580 dals
1202 2526 1283 2580 Silius
1308 2526 1354 2579 der

140 2615 301 2683 Bestattung
314 2615 359 2669 des
371 2616 466 2669 Hector
485 2615 628 2684 eingehend
641 2616 755 2685 gedenht
772 2617 825 2669 und
838 2615 949 2669 dissolbe
967 2616 1015 2670 auf
1025 2615 1084 2684 jede
1097 2615 1148 2669 Art
1160 2615 1352 2683 ausschmiicht,

140 2703 202 2757 oder
220 2702 311 2757 diirien
330 2705 378 2757 wir
395 2704 557 2774 vermuthen,
582 2704 640 2758 dala
658 2720 686 2758 es
706 2705 762 2758 eine
781 2704 1093 2772 Ehrlurohtsbezeugung
1111 2720 1172 2771 war,
1198 2703 1239 2757 dic
1257 2719 1284 2756 er
1303 2703 1351 2756 den

139 2791 236 2845 Manen
260 2792 342 2846 seinos
366 2793 595 2863 Liobliugshalden
619 2792 785 2862 darbrachte,
807 2793 880 2861 jenes
903 2792 1027 2861 Hectore,
1051 2791 1097 2846 der
1119 2791 1159 2846 als
1183 2791 1229 2844 der
1252 2791 1352 2859 grdlste

139 2879 209 2933 lield
235 2879 340 2949 Trojas,
371 2880 416 2934 des
441 2882 513 2935 alten
534 2881 706 2935 Vaterlaudes
730 2880 775 2934 der
799 2897 863 2949 gens
889 2881 962 2934 Julia
986 2880 1040 2934 und
1064 2880 1108 2934 dar
1131 2880 1241 2949 Rdmer,
1267 2879 1350 2933 neben

139 2967 242 3022 Aeneas
261 2985 294 3022 an
319 2972 400 3022 erster
419 2969 498 3023 Stelle
522 2970 615 3037 geehrt
633 2969 754 3023 worda?“
776 2999 810 3008 -
828 2972 906 3037 atque
924 2969 992 3037 quod
1014 2969 1077 3022 dicit
1101 2969 1178 3022 etiam
1198 2969 1224 3021 in
1243 2967 1351 3021 Punicis

140 3054 230 3110 laudes
244 3056 338 3110 ducum
352 3057 536 3126 Romanorum,
551 3059 680 3125 imprimis
693 3057 827 3126 Scipionis,
840 3057 990 3125 praedicari,
1009 3059 1098 3110 contra
1115 3059 1145 3109 ut
1156 3057 1184 3110 in
1196 3056 1244 3110 illa
1262 3056 1348 3108 minus

136 3143 240 3198 laudari
265 3145 401 3212 Achillem,
425 3146 464 3198 ita
487 3146 514 3198 iu
539 3146 582 3198 his
600 3145 783 3214 Hannibalem,
808 3145 873 3199 bono
896 3146 984 3199 animo
1008 3146 1032 3198 ei
1056 3145 1224 3198 concedamus
1248 3144 1296 3196 hcc
1320 3145 1346 3195 in

138 3235 248 3300 utroque
266 3234 379 3286 carmine
402 3234 502 3287 ratione
520 3250 550 3286 ac
568 3233 674 3288 consilio
692 3234 791 3287 iactum
814 3251 881 3288 esso:
912 3234 962 3301 cui,
981 3249 1084 3302 quaeso,
1102 3234 1147 3301 qui
1171 3249 1233 3287 sanc
1251 3231 1347 3284 iudicio

135 3321 227 3388 utitur,
247 3321 397 3374 talibus-
416 3338 497 3389 paene
515 3321 568 3374 dixi
594 3352 620 3360 —
639 3322 717 3390 nugis
735 3323 951 3390 persuadebitur?

222 3410 347 3478 Denique,
366 3425 425 3462 eum
444 3410 584 3463 Buecheler
602 3411 679 3478 (Mus.
698 3411 780 3466 Rhea.
798 3411 907 3464 XXXV.
921 3410 991 3479 391.)
1009 3414 1077 3465 recte
1096 3408 1238 3464 ostenderit
1251 3407 1344 3462 Silium

135 3497 258 3550 Italicum
277 3514 293 3551 a
312 3497 449 3565 disciplina
467 3497 610 3551 Stoicorum
630 3497 724 3567 fuisse,
748 3500 837 3552 statim
866 3500 943 3552 etium
960 3499 1117 3566 Doeringius
1134 3499 1169 3565 (p.
1189 3499 1232 3566 10)
1248 3496 1346 3550 indicia

132 3584 221 3652 palam
244 3585 306 3639 fecit
331 3586 358 3637 in
390 3585 473 3640 Iliade
497 3586 606 3654 Latina,
636 3587 730 3654 quibus
760 3589 911 3655 scriptorem
935 3587 990 3640 eius
1014 3587 1075 3640 huic
1104 3590 1189 3641 sectae
1212 3585 1343 3639 studuisse

133 3672 286 3742 doceamur,
311 3690 352 3727 vv.
377 3676 419 3741 77,
444 3677 487 3742 92,
511 3675 553 3728 25.
595 3674 662 3727 Mihi
692 3677 779 3729 taruen
803 3675 832 3728 hi
856 3693 946 3729 versus
974 3676 1060 3743 potius
1084 3673 1198 3729 redolere
1221 3673 1342 3727 uidentur

133 3761 270 3814 molestam
290 3765 368 3829 atque
386 3761 505 3829 putidam
524 3761 669 3816 doctrinam
687 3762 744 3816 ludi
755 3765 877 3831 magistri
894 3763 1037 3832 cuiusdam,
1057 3765 1102 3831 qui
1120 3762 1153 3817 ad
1169 3760 1340 3831 praecipiendi

133 3849 259 3902 rationem
284 3849 407 3917 delapsus
431 3853 484 3919 cst,
509 3851 656 3918 optimeque
679 3852 806 3918 quadrare
825 3851 858 3905 ad
882 3852 1026 3919 opinionem
1053 3851 1171 3905 Plessisii
1194 3853 1230 3918 (p.
1248 3850 1342 3916 XVI.),

130 3937 172 3991 cui
198 3938 308 3991 Italicus
326 3937 429 3991 ridetur
450 3940 637 4006 grammaticus
661 3940 748 3993 luisse.
785 3939 907 4009 (,Teuuis‘
925 3940 980 3993 vita
1004 3957 1028 3993 v,
1047 3941 1098 3995 525
1123 3939 1221 3992 dictum
1246 3941 1287 3992 cst
1310 3954 1340 3990 er

130 4042 201 4079 ruera
225 4027 371 4080 inritatione
396 4027 520 4096 Vergilii,
545 4029 609 4082 Aen.
638 4028 685 4083 VI.
712 4031 772 4085 292.
815 4029 909 4099 Georg.
933 4028 980 4083 IV.
1005 4029 1076 4098 223.)
1101 4058 1134 4067 -
1159 4028 1229 4082 Haec
1254 4029 1341 4081 omnia

130 4118 288 4183 argumenta
306 4115 350 4167 illo
369 4118 422 4168 taur
436 4116 528 4184 gravia
545 4117 662 4185 putavit,
681 4120 712 4171 ut
729 4134 760 4171 aa
780 4118 806 4170 in
826 4116 1006 4172 dissertatione
1024 4134 1072 4171 sua
1090 4118 1161 4186 (pag.
1176 4116 1209 4187 1.)
1228 4117 1339 4170 strictim

127 4205 264 4270 repeteret.
300 4203 362 4257 Alia
380 4204 478 4257 similia
495 4207 584 4271 postea
602 4206 877 4260 commemorabuntur.
