2910 4614
703 115 744 174 28

117 324 194 404 equi.
240 324 400 386 VII.135.
425 324 507 388 furta
530 325 604 387 iriae.
644 324 710 387 Vll.
728 327 800 388 260.
825 344 898 388 cura
922 343 1014 404 sagax
1032 323 1132 386 Poeni.
1166 323 1233 386 VII.
1251 324 1328 386 260.

116 429 231 493 fraudis
261 449 421 493 venenum.
471 430 539 493 Vll.
565 432 638 494 424.
667 432 814 513 serpentis
844 448 990 512 squamae
1014 458 1057 481 =
1080 448 1204 511 serpens
1236 448 1330 510 squa-

116 555 230 599 mosus,
284 536 352 599 VH.
370 536 442 599 523.
467 537 605 600 vecordia
628 537 751 601 Minuci.
803 537 871 600 V.II
890 537 961 599 605.
986 536 1118 599 aerist
1089 535 1209 599 stridor.
1256 535 1328 598 VII.

117 643 189 705 654.
212 642 468 723 transfugae
490 641 563 723 fuga
586 640 1139 708 simulatatetuetuteete'Sedram
1157 642 1233 706 haee
1252 661 1330 705 ιιιιι-

116 768 252 813 morasse
275 751 413 831 exempla
437 750 574 812 satist
529 753 592 822 est;
617 750 696 812 mult
685 753 714 812 ιο
731 750 812 813 eninr
828 749 1074 831 plurapraebent
1061 746 1215 823 tPunioa
1232 766 1329 829 quam

116 859 153 918 ιιι
174 855 277 918 omnia
300 854 406 919 afferre
429 856 527 919 liceat.
507 855 679 937 tNeque
703 855 817 920 veritus
841 875 911 919 sum
941 855 972 917 in
996 854 1056 917 illis
1079 853 1240 917 laudandis
1265 855 1331 918 lon·

117 963 186 1042 gius
209 962 340 1044 provehi,
364 965 399 1024 ut
421 962 671 1033 demonstrarem,
703 980 774 1024 cum
797 961 846 1024 hic
868 980 943 1024 usus
968 979 1004 1023 ne
1026 961 1058 1022 in
1081 960 1178 1024 Iliade
1202 960 1330 1041 quidem

117 1068 205 1150 plane
236 1069 370 1141 abesset,
399 1068 472 1149 quid
507 1068 726 1150 discrepantiae
756 1070 837 1131 esset
865 1067 944 1130 inter
978 1066 1127 1130 audacem
1157 1067 1328 1130 orationem

118 1173 184 1239 Silii
208 1176 239 1237 et
262 1174 414 1256 scriptoris
438 1173 542 1237 Iliadis
565 1174 708 1238 ieiunam.

205 1281 241 1343 ln
264 1280 358 1343 Iliade
381 1281 430 1344 hie
452 1281 610 1361 genetivus
634 1280 793 1362 praecipue
815 1280 859 1342 ita
882 1282 1049 1361 usurpatus
1073 1281 1128 1355 est,
1157 1281 1194 1342 ut
1217 1298 1332 1343 nomen

117 1387 271 1469 proprium
304 1406 322 1449 a
357 1387 548 1450 substantivo
584 1389 653 1450 alost
655 1389 737 1450 racto
768 1385 907 1467 pendeat.
965 1385 1025 1450 Osi.
1058 1386 1128 1449 144.
1164 1385 1331 1467 prudentia

117 1493 263 1557 Nestoris.
316 1494 387 1555 154.
422 1494 493 1556 737.
523 1493 658 1556 Nestoris
688 1496 781 1556 aetas
838 1493 909 1556 174.
940 1491 1071 1556 Menelai
1105 1491 1200 1555 ardor.
1256 1492 1331 1555 175.

117 1599 334 1680 Agapenoris
327 1618 389 1671 rra·
413 1599 466 1661 cfr.
491 1600 563 1661 333.
581 1599 711 1661 353.
729 1598 801 1661 240.
817 1598 917 1661 Ithaci
934 1598 1141 1661 sollertia.—
1165 1597 1333 1662 Praeterea

118 1706 236 1770 videas:
263 1706 312 1769 14
338 1706 449 1768 solacia
473 1708 571 1767 natae
606 1705 679 1768 274.
704 1705 784 1767 virt
787 1705 825 1768 tis
787 1705 951 1768 t.honor
1006 1705 1078 1767 264.
1103 1704 1211 1767 nobilit
1198 1707 1247 1767 tas
1272 1704 1335 1768 for-

118 1831 196 1875 mae.
245 1812 316 1875 717.
340 1811 475 1894 praemia
498 1810 607 1875 laudis.
655 1811 749 1874 1007.
773 1811 915 1875 ludorum
938 1812 1066 1875 honores
1090 1839 1132 1862 =
1154 1810 1219 1872 ludi
1239 1810 1336 1874 hono·

118 1918 203 1982 rifici.
250 1919 344 1981 1020.
369 1921 510 1981 senectus
534 1917 639 1999 patris.
665 1953 704 1962 -

208 2039 241 2127 c)
267 2040 450 2106 Genetivum
472 2041 627 2105 relationis
651 2041 805 2104 adiectivis
830 2041 1002 2104 subiectum
1026 2039 1118 2103 Silius
1141 2042 1264 2121 praeter
1285 2059 1334 2105 ee·

120 2151 200 2212 teros
223 2149 338 2212 aseivit.
376 2147 492 2210 Tamen
515 2148 552 2210 de
576 2147 632 2210 hoc
647 2148 769 2210 brevius
793 2165 886 2227 quam
909 2165 961 2228 pro
977 2165 1104 2209 numero
1122 2146 1330 2227 exemplorum

119 2273 219 2335 agam.
273 2253 358 2333 Quae
386 2273 458 2317 eum
481 2253 668 2316 omniafere
692 2252 857 2334 Rupertius
869 2253 892 2334 1)
921 2253 984 2314 iam
1007 2252 1169 2332 collegerit,
1192 2253 1269 2333 ipse,
1291 2269 1327 2314 ne

119 2361 247 2423 aliorum
277 2360 389 2423 scrinia
420 2359 598 2439 compilasse
628 2357 738 2431 ridear
762 2376 798 2422 ea
828 2360 897 2421 tant
897 2376 952 2420 um
975 2359 1227 2433 commemorabo
1253 2376 1333 2440 quae

118 2466 218 2529 virum
250 2465 374 2528 doctum
404 2465 458 2545 fug
438 2466 555 2527 cerunt.
534 2463 687 2527 ttSun
716 2465 805 2526 haec:
841 2463 865 2527 I.
890 2464 963 2527 307.
987 2462 1106 2528 medius
1129 2463 1249 2527 teli=
1272 2464 1334 2528 telo

119 2591 171 2654 per
194 2571 296 2636 media
317 2570 434 2635 viscera
457 2574 569 2634 exacto
622 2570 662 2633 ΙΙ.
681 2570 752 2634 108
777 2568 887 2654 (pater)
918 2570 1073 2633 medius
1066 2587 1277 2632 iuvenum:
1301 2569 1334 2632 in

119 2678 227 2742 medils
250 2677 329 2742 filiis.
374 2676 431 2740 HI.
449 2678 524 2740 386.
548 2677 613 2740 aevi
635 2676 760 2757 fragilis.
811 2676 862 2740 IV.
882 2676 984 2740 112.
977 2695 1059 2739 rneer
1061 2678 1110 2739 tus
1133 2675 1233 2756 fugae.
1278 2674 1334 2739 IV.

121 2785 193 2847 585.
218 2785 296 2848 celer
318 2783 419 2847 nandi.
455 2783 492 2845 V.
509 2784 582 2846 212.
606 2783 681 2847 liber
702 2787 766 2846 met
754 2782 867 2846 tuendi.
902 2782 937 2845 V.
956 2782 1028 2845 510.
1052 2782 1241 2845 contermina
1264 2799 1336 2845 cae-

120 2890 175 2953 dis.
222 2890 274 2953 VI.
293 2890 364 2952 144.
388 2889 532 2971 prodigus
556 2889 692 2953 laticum.
747 2887 814 2952 Vll.
834 2889 904 2952 126.
929 2889 1033 2953 sollers
1057 2887 1230 2952 cunctandi.
1276 2886 1333 2950 IX·

123 2996 193 3058 180.
217 2996 356 3058 conscius
380 2996 510 3058 sceleris.
556 2995 593 3057 X.
610 2995 683 3058 221.
708 2994 806 3058 fessus
830 2994 1015 3058 certaminis.
1053 2994 1090 3058 X.
1105 2995 1177 3057 310.
1202 2997 1333 3057 truncus

120 3102 237 3183 capitis.
284 3100 353 3164 XII.
370 3102 443 3164 268.
475 3099 656 3163 immodicus
687 3100 787 3179 fugae.
839 3100 908 3164 XII.
930 3102 1004 3164 492.
1035 3100 1142 3163 annius
1171 3100 1333 3163 adventus.

120 3208 188 3270 XII.
206 3208 278 3270 600.
303 3225 428 3270 securus
451 3206 643 3270 Hannibalis.
690 3206 775 3270 XIII.
793 3208 865 3270 821.
888 3207 1013 3270 inclitus
1036 3206 1098 3270 leti.
1153 3205 1234 3268 XIV.
1257 3207 1333 3270 269.

120 3315 274 3377 clamosus
297 3312 407 3376 undae.
452 3311 517 3375 XV.
535 3312 607 3376 270.
630 3316 722 3376 notus
746 3313 855 3376 famae.
893 3313 974 3376 XVI.
999 3313 1072 3376 440.
1096 3314 1197 3375 certus
1221 3312 1333 3376 laudis.

120 3420 172 3483 XI.
190 3420 263 3482 280.
287 3419 484 3482 inconsuetus
507 3418 624 3499 opimae
638 3468 644 3481 .
658 3468 665 3482 .
679 3467 686 3481 .
699 3437 833 3482 mensae.

208 3525 276 3588 Iam
305 3525 444 3588 conferas
474 3524 555 3587 locos
585 3524 651 3587 illos
682 3523 742 3588 fere
772 3525 927 3600 ducentos
959 3543 1035 3606 quos
1064 3524 1228 3606 Rupertius
1263 3543 1336 3587 con-

121 3632 232 3710 gessit:
256 3634 378 3713 poetam
401 3631 515 3693 mirum
538 3630 569 3693 iu
591 3630 717 3694 modum
740 3631 978 3711 graecissantem
1002 3649 1172 3712 cognosces.

209 3754 247 3841 d)
273 3753 438 3818 Gerretirus
461 3755 513 3835 qui
537 3773 555 3817 a
577 3753 731 3835 Draegero
755 3755 867 3819 dicitur
891 3753 1035 3820 Graecus.
1066 3791 1105 3800 ν
1137 3752 1196 3817 Οιι.
1220 3753 1244 3818 Ι.
1258 3755 1333 3818 395.

122 3879 281 3924 nemorum
305 3863 335 3924 et
357 3861 437 3924 vitae
466 3859 638 3924 laudandus
666 3879 785 3943 opacae.
837 3862 873 3926 V.
897 3862 969 3925 561.
999 3859 1151 3924 laudande
1183 3860 1333 3926 laborum.

120 3966 173 4029 lV.
191 3967 263 4030 259.
294 3966 443 4030 laudabat
470 3967 521 4030 leti
551 3967 701 4030 iuvenem.
754 3966 805 4030 IV.
832 3968 905 4031 775.
936 3967 1043 4030 urbem
1066 3966 1199 4047 complet
1221 3968 1334 4030 maesti

214 4177 233 4245 ¹)
253 4177 324 4231 Tem.
339 4176 374 4231 ll.
387 4176 496 4244 append.
512 4178 569 4230 171.
