2910 4614
774 92 816 154 46

474 301 509 367 4.
541 299 592 367 lle
615 301 810 369 enuntiatis
833 299 1104 367 adrerblalibus

274 423 370 509 ,Uol‘
402 426 575 489 coniunctio
610 426 688 506 regit
717 427 946 490 coniunctivum
974 425 1040 489 XV.
1069 426 1140 489 457.
1170 425 1223 488 ubi
1255 427 1401 508 suspensi

186 533 304 613 patrea,
335 534 366 595 et
396 531 480 594 ouria
509 550 614 595 vocem
643 531 790 597 Posceret.
835 532 916 596 Item
940 531 1034 594 -id
1065 531 1145 612 quod
1176 533 1331 595 rarissime
1355 568 1398 578 —

186 635 280 700 Silius
303 636 529 701 coniunctivum
560 637 719 701 subiunxit
746 637 856 722 η(111111α
881 637 1085 701 coniunctioni
1108 636 1200 700 adid
1224 638 1401 718 significan-

185 742 275 816 dum,
306 743 387 823 quod
417 743 523 806 eodem
546 745 680 825 tempore
702 743 752 806 fit:
781 742 850 808 XII.
868 744 940 807 450.
957 762 1021 824 sqq.
1044 742 1181 806 Nuntius
1204 744 1322 807 interea
1339 793 1345 807 .
1365 793 1398 807 ..

187 847 418 932 (Hannibalem)
450 848 618 913 fervoribus
652 849 775 931 implet,
811 849 894 912 Dum
924 850 1030 931 procul
1062 847 1202 912 Oebalios
1233 853 1317 912 amet
1347 869 1400 914 111-

184 973 319 1037 pugnare
350 957 474 1037 nepotes
502 955 542 1018 lit
571 955 689 1037 primus
719 955 825 1019 rostris
857 955 954 1018 sulcet
984 955 1144 1018 navalibus
1175 973 1248 1018 arva
1354 992 1396 1000 -—

272 1060 391 1123 Livium
408 1064 531 1126 secutus
549 1061 641 1125 Silius
664 1062 892 1125 coniunctivum
915 1061 1098 1141 pendentem
1120 1060 1195 1124 facit
1217 1080 1236 1124 a
1260 1060 1395 1145 „donad‘

185 1167 404 1242 coniunctione,
427 1167 549 1232 etiamsi
572 1167 645 1248 quid
668 1168 856 1250 designatur,
879 1167 960 1248 quod
982 1185 1087 1248 reapse
1103 1167 1220 1231 factum
1236 1171 1298 1231 est:
1323 1188 1348 1232 e.
1366 1187 1396 1248 g.

186 1271 239 1336 Vl.
258 1273 308 1336 52.
331 1291 388 1337 nec
411 1274 515 1347 satias,
539 1273 635 1337 donec
657 1273 837 1337 mandentia
859 1273 1010 1354 linqueret
1027 1291 1080 1336 ora
1098 1272 1228 1355 Spiritus
1244 1276 1274 1336 et
1289 1274 1397 1355 plenos

184 1378 278 1442 rictus
301 1397 383 1442 mors
407 1381 474 1442 atra
497 1381 622 1443 teneret.
669 1377 728 1442 Cir.
754 1377 911 1442 Villio.
935 1377 1089 1442 1111128.
1113 1382 1144 1442 et
1166 1397 1246 1461 saep.

273 1482 359 1563 Quod
387 1485 497 1548 attinet
520 1485 559 1547 ad
582 1485 741 1548 enuntiata
764 1483 996 1559 condicionalis,
1026 1483 1120 1548 Silius
1143 1484 1307 1566 aliquando
1330 1485 1397 1549 loco

184 1590 367 1654 coniunctivi
382 1591 414 1653 in
429 1590 640 1654 enuntiatione
655 1589 800 1672 primaria
815 1589 1016 1654 indicativum
1033 1591 1136 1672 posuit
1159 1592 1256 1654 volut:
1280 1590 1306 1654 1.
1320 1592 1398 1656 374.

183 1697 386 1778 obstabatque
417 1697 519 1760 iacens
546 1697 676 1772 vallum,
706 1696 739 1759 ni
769 1700 913 1778 protenus
944 1696 1059 1761 instent
1088 1696 1169 1760 Hinc
1200 1700 1292 1777 atque
1323 1698 1399 1762 hinc

185 1803 264 1868 acics
292 1803 393 1866 media
421 1821 558 1884 pugnare
587 1802 683 1867 ruina.
729 1802 765 1866 X.
785 1804 855 1866 131.
878 1803 984 1883 iraque
1015 1803 1155 1878 anhelat,
1186 1802 1226 1865 Ni
1255 1804 1316 1867 leto
1344 1804 1398 1870 det

184 1911 295 1973 cuncta
322 1910 422 1972 vuum
450 1909 618 1990 iungatque
649 1909 768 1990 parenti
800 1907 931 1990 Corpora
954 1913 984 1972 et
1015 1909 1134 1972 excidat
1163 1909 1290 1973 miseros
1323 1929 1396 1974 cum

184 2016 278 2097 stirpe
309 2018 443 2098 penates.
488 2014 525 2078 X.
543 2015 615 2079 467.
638 2014 735 2078 Milite
765 2033 825 2079 non
848 2014 904 2078 illo
927 2015 1091 2095 quisquam
1113 2014 1231 2078 felisius
1255 2016 1320 2078 acri
1342 2016 1395 2079 In·

184 2120 315 2185 sultarat
337 2140 423 2203 equo,
446 2121 494 2184 vel
516 2121 542 2185 si
564 2121 708 2202 resupina
724 2120 816 2184 citato
832 2120 988 2184 Proiectus
1004 2120 1091 2183 dorso
1106 2120 1237 2184 ferretur
1252 2123 1390 2185 membra

183 2227 231 2291 vel
253 2228 335 2292 idem
359 2227 392 2292 Si
415 2227 495 2290 nudo
519 2229 614 2290 staret
636 2230 731 2307 tergo.
757 2262 797 2272 -

260 2333 472 2422 ¹Participium
488 2332 583 2396 futuri
599 2333 796 2396 coniunctum
814 2350 885 2395 cum
902 2332 1060 2395 enuntiato
1076 2332 1273 2396 condicionali
1292 2351 1393 2416 saepe·

182 2457 310 2504 numero
332 2439 502 2503 invenitur:
529 2458 554 2503 1.
577 2457 605 2519 g.
628 2437 711 2502 XVI.
730 2438 779 2501 11.
803 2438 887 2518 vigor
909 2437 1063 2501 hausurus
1087 2437 1218 2515 Latium,
1244 2439 1269 2502 si
1294 2443 1398 2504 cetera

186 2545 280 2609 Marti
302 2545 490 2609 Adiumenta
512 2544 611 2608 forent
635 2578 674 2590 —-
699 2549 730 2607 et
753 2562 832 2625 saep.

273 2650 389 2716 Graeco
422 2669 505 2715 more
534 2636 691 2734 (ἀγαπᾶν,
721 2642 774 2732 εἰ.)
804 2649 897 2713 Silius
927 2649 986 2733 „si‘
1012 2650 1253 2714 coniunctionem
1279 2651 1396 2735 ,saud

184 2758 325 2822 adverbio
354 2757 513 2822 subiunxit
540 2756 593 2820 IX.
610 2757 661 2820 48.
692 2759 755 2831 sat,
785 2757 908 2820 nomina
937 2756 1014 2821 ferre
1045 2755 1078 2819 Si
1101 2757 1191 2821 discit
1218 2758 1309 2822 miles
1338 2778 1400 2823 nec

181 2864 310 2946 frigidus
334 2864 443 2946 aspicit
465 2864 593 2928 hostem.

273 2969 399 3053 Semper
421 2969 482 3034 fere
505 2970 538 3033 in
561 2968 684 3032 Punicis
710 2966 933 3052 „quamquam‘
958 2968 1128 3033 coniunctio
1151 2970 1229 3049 regit
1252 2969 1400 3036 coniunc-

182 3077 296 3140 tivum:
321 3096 345 3140 c.
362 3096 390 3157 g.
415 3074 455 3140 ΙΙ.
475 3076 544 3139 101.
568 3074 639 3138 Eois
662 3093 851 3156 quamquam
875 3077 971 3139 certet
994 3074 1132 3157 Gortyna
1156 3076 1285 3157 sagittis.
1332 3074 1396 3143 cfr.

182 3181 266 3248 Vlll.
283 3184 334 3246 43.
358 3182 443 3257 Xlll,
460 3182 534 3245 467.
557 3180 639 3244 XIV.
656 3181 707 3244 64.
723 3181 796 3245 493.
820 3179 901 3244 XVI.
919 3182 970 3244 49.
994 3184 1051 3246 etc.
1080 3182 1082 3189 ’

269 3289 315 3352 Ex
337 3288 432 3353 Iliade
456 3287 530 3352 nibil
553 3287 668 3351 insoliti
691 3285 790 3351 afferri
813 3289 921 3368 potest.

682 3467 891 3474 ..--—-.-—-

601 3585 672 3667 De
699 3585 968 3688 participio,

273 3753 319 3816 Ilo
341 3769 400 3815 usu
416 3749 566 3833 participii
582 3749 741 3832 praecipue
758 3749 877 3813 videtur
892 3749 1039 3815 memoria
1055 3749 1183 3830 dignum
1199 3768 1264 3813 1111
1280 3749 1394 3817 Silium

183 3860 265 3923 haud
298 3876 366 3921 raro
400 3855 593 3939 participium
628 3855 751 3937 perfecti
784 3856 897 3936 passivi
926 3856 989 3919 loco
1024 3855 1208 3919 substantivi
1242 3857 1393 3923 abstracti

184 3965 368 4039 adhibuisse,
392 3966 428 4027 ut
450 3961 490 4027 ll.
506 3964 536 4024 o.
560 3962 676 4025 cultam
698 3960 828 4025 referens
852 3961 962 4041 insigni
979 3961 1099 4025 nominc
1115 3961 1243 4043 plebem.
1279 3962 1393 4031 1652.

182 4075 250 4154 post
277 4073 368 4133 aucta
398 4068 539 4150 pericula.
596 4066 729 4131 11377.
759 4069 790 4130 et
819 4069 975 4130 auctorem
1005 4067 1109 4131 violati
1136 4067 1264 4132 foederis
1296 4069 1393 4136 addit.

183 4176 237 4241 lV.
254 4176 327 4239 264.
351 4178 438 4257 grati»
469 4172 593 4256 plausae
620 4170 743 4237 cervicis
766 4172 886 4236 honore.
932 4172 968 4236 V.
985 4174 1056 4237 391.
1080 4176 1233 4255 conspecti
1256 4177 1393 4243 consulis
