2910 4614
122 295 216 359 traxit
241 294 279 359 ab
303 313 432 376 aequore
454 294 579 376 piscem.
631 293 699 357 Vll.
721 295 771 358 44.
800 295 908 358 domo.
922 344 928 358 .
943 344 949 357 .
963 295 1002 358 ab
1024 313 1088 358 una
1111 294 1260 358 Patricius
1284 313 1333 357 er·

124 402 237 467 arcitus
260 401 333 465 ibat.
359 437 398 446 -

215 505 296 591 ,616α
328 525 429 589 praep.
459 506 613 571 invenitur
634 525 687 589 pro
720 505 773 589 „a“
797 507 844 570 vel
867 507 948 571 nudo
971 507 1121 571 ablativo:
1146 526 1170 570 6.
1187 525 1215 586 g.
1238 505 1263 569 Ι.
1282 507 1331 571 72.

123 613 219 678 06166
244 613 378 677 Sarrana
401 614 491 696 prisci
513 613 551 679 de
576 613 691 676 Barcae
714 614 822 693 gentis
872 614 896 676 Ι.
922 614 993 676 152.
1025 614 1152 695 6611666
1180 613 1216 676 (16
1241 613 1333 694 stirpe

120 721 253 800 Tagum.
298 719 323 783 I.
340 720 413 783 377.
437 720 551 783 Rutulo
573 719 701 782 Maurus
725 719 762 782 de
785 720 940 800 sanguine.
995 720 1021 783 I.
1046 721 1119 782 229.
1150 719 1261 783 Electri
1281 738 1333 800 ge-

121 828 207 891 mino
229 827 344 909 pollent
366 826 403 889 de
426 827 542 890 semino
566 844 668 890 venae.
711 825 773 888 VI.
795 826 868 888 634.
892 825 1022 889 Fabium
1044 826 1081 889 dc
1105 826 1230 889 crimine
1253 825 1332 888 laeto

122 933 267 997 Prooreat
290 969 330 977 -
355 935 422 1008 616.,
445 950 678 1013 nonnumquam
700 951 753 1013 pro
778 930 848 1016 „ex“
873 932 1100 1013 praepositione,
1124 936 1160 995 ut
1182 931 1235 996 IX.
1260 932 1331 996 526.

122 1039 324 1120 dextramque
346 1038 411 1120 ipso
434 1038 472 1102 de
495 1039 616 1102 vulnere
641 1038 723 1101 vellit
747 1075 787 1084 -
811 1041 868 1102 etc.

212 1161 292 1247 „Vn‘
317 1181 416 1245 praep.
440 1181 492 1245 pro
516 1164 577 1226 solo
600 1162 731 1226 ablativo
755 1162 892 1225 adhibita
915 1164 964 1225 est
994 1181 1017 1226 e.
1040 1181 1068 1242 g.
1101 1161 1152 1225 IV.
1171 1163 1243 1225 156.
1266 1181 1333 1225 666

121 1271 271 1350 nicaeque
292 1269 433 1349 rigebant
455 1268 500 1331 llx
522 1287 603 1333 auro.
659 1268 699 1331 II.
723 1269 773 1330 66.
797 1268 900 1348 161666
932 1268 1033 1332 66616
1057 1267 1191 1331 66166166
1214 1268 1334 1331 Β61116-

124 1376 183 1439 das
196 1410 236 1420 —
249 1376 314 1450 616.,
336 1394 390 1457 666
415 1374 486 1459 „dcl
510 1375 728 1456 praepositione
752 1393 776 1437 e.
792 1393 821 1453 g.
844 1374 868 1436 I.
885 1374 958 1437 473.
994 1372 1061 1436 Non
1078 1375 1220 1437 6666166
1236 1374 1332 1437 muris

125 1499 224 1545 unum
238 1480 422 1545 incessentia
444 1481 513 1544 tela.
555 1479 595 1544 Il.
615 1481 686 1546 166.
711 1478 812 1561 Ooryti
835 1480 967 1543 fratrum
989 1499 1025 1544 ex
1040 1480 1196 1544 humeris.
1210 1529 1217 1543 .
1231 1529 1237 1543 .
1251 1479 1334 1544 Hae·

126 1587 244 1652 rebant.
282 1586 321 1650 11.
339 1587 412 1650 251.
436 1587 576 1667 66166666
599 1606 615 1650 6
631 1587 763 1650 culmine
778 1587 860 1649 muri
876 1586 1032 1650 lamentis
1048 1605 1104 1649 vor
1126 1587 1222 1649 mixta
1245 1589 1334 1650 66661

126 1730 168 1741 -
193 1695 257 1769 616.,
284 1712 338 1774 pro
363 1691 416 1776 „a“
441 1693 660 1775 praepositione
689 1713 713 1757 6.
736 1712 763 1773 g.
794 1692 832 1756 lI.
849 1694 922 1755 215.
947 1691 1033 1756 Sicut
1056 1693 1217 1773 agit...ll
1241 1696 1333 1774 pastu

122 1800 282 1864 volucres.
296 1851 304 1864 .
317 1848 324 1862 .
338 1799 452 1881 Vesper
475 1802 530 1862 616.

212 1902 284 1989 „Iu“
308 1905 560 1986 praepositionem
583 1923 635 1986 pro
661 1902 767 1988 „ante“
792 1905 886 1967 habes
909 1904 946 1967 X.
960 1905 1034 1968 463.
1059 1904 1173 1968 domini
1188 1904 1328 1969 consist't

118 2013 153 2076 in
173 2030 228 2075 ora
250 2011 388 2075 iacentis.

210 2118 363 2182 Plurimos
386 2136 511 2200 possum
542 2117 647 2181 afferre
681 2118 770 2189 locos,
799 2116 910 2197 quibus
935 2115 1028 2180 Silius
1052 2116 1178 2196 Vergilii
1203 2117 1334 2180 auctori-

120 2228 222 2290 tatem
252 2228 376 2289 secutus
408 2222 472 2308 ,66ιι
501 2243 601 2306 praep.
636 2225 738 2306 posuit
767 2224 805 2287 ad
836 2227 979 2287 eventum
1009 2223 1248 2303 designandum
1279 2224 1332 2288 sed

123 2351 199 2395 cum
220 2349 325 2395 omnes
340 2331 391 2394 hic
414 2329 538 2394 laudare
562 2349 684 2394 6666666
707 2349 768 2393 666
792 2330 839 2406 611,
863 2331 977 2405 tamen,
1001 2348 1060 2411 quo
1076 2330 1188 2393 clarius
1205 2330 1333 2394 elocutio

128 2436 245 2501 Siliana
265 2437 476 2520 perspiciatur,
498 2437 587 2519 plura
610 2437 747 2519 exempla
769 2437 875 2519 putaui
898 2436 1073 2500 annotanda
1096 2454 1177 2499 esse:
1202 2435 1241 2499 II.
1261 2437 1333 2511 129,

122 2542 204 2607 Tum
232 2544 371 2608 subitum
399 2543 430 2605 16
464 2545 576 2608 661666
598 2562 741 2626 praeceps
765 2543 933 2607 devolvitur
955 2543 1026 2606 altis
1050 2542 1219 2623 Aggeribus
1242 2543 1333 2615 muri.

121 2647 176 2713 IV.
194 2650 245 2713 19.
268 2650 458 2713 (16661161...
473 2646 671 2731 Oomipedem
693 2649 724 2711 in
747 2668 847 2730 gyros.
897 2649 949 2712 IV.
968 2649 1039 2712 151.
1062 2650 1094 2712 16
1117 2648 1221 2712 1116166
1246 2646 1334 2730 Capi·

119 2755 195 2819 tolla
218 2758 308 2837 capta
330 2755 480 2819 trahebat.
526 2755 579 2819 IV.
596 2756 668 2818 318.
693 2755 817 2818 sinuant
838 2755 870 2817 16
893 2772 1007 2818 cornua
1030 2773 1129 2835 gyros.
1182 2753 1236 2817 VI.
1259 2755 1333 2818 636.

119 2862 153 2926 16
176 2859 343 2925 Herculeos
366 2862 466 2924 mater
488 2865 617 2925 6661666
640 2864 771 2943 nepotes.
803 2859 887 2924 VIII.
906 2861 976 2924 102.
1001 2860 1153 2940 congessit
1176 2859 1206 2922 in
1230 2863 1331 2923 atram

122 2965 242 3031 Cuncta
265 2968 312 3031 tui
334 2967 523 3031 monimenta
545 2986 662 3049 pyram.
711 2967 779 3032 IIII.
798 2967 868 3031 162.
892 2966 970 3029 Nola
1000 2967 1112 3030 crebrIs
1142 2966 1333 3030 oircurndata

121 3072 154 3137 in
177 3073 283 3138 orbem
303 3073 459 3137 Turribus.
503 3073 568 3138 XV.
585 3074 657 3138 225.
680 3073 799 3155 pigram
821 3074 852 3136 in
875 3073 1035 3155 planitiem
1063 3075 1241 3153 stagnantes
1265 3092 1333 3153 ege·

120 3178 163 3243 rit
184 3179 292 3244 undas.
344 3179 441 3243 XVII.
467 3181 538 3244 293.
566 3179 691 3260 ignifero
720 3183 839 3243 mentes
868 3179 1056 3243 1661616116
1079 3180 1157 3243 iram
1180 3179 1330 3253 Hortatu;

121 3284 176 3350 cfr.
199 3285 234 3351 V.
253 3286 324 3350 159.
346 3285 463 3349 fodiant
476 3338 482 3350 .
495 3337 501 3350 .
515 3337 521 3350 .
533 3288 639 3367 pectus
662 3285 694 3347 16
716 3286 786 3349 1666.
827 3285 862 3349 V.
880 3286 908 3350 5.
932 3285 1062 3366 effigiem
1085 3287 1116 3348 16
1132 3285 1230 3368 pelagi
1246 3285 1331 3349 lacus

121 3391 380 3456 humectabat...
414 3391 482 3456 VII.
502 3393 572 3456 196.
596 3410 710 3472 quercu
733 3392 765 3454 16
787 3395 905 3456 cratera
928 3394 1037 3456 cavata
1063 3427 1100 3436 —
1125 3393 1180 3455 etc.

210 3498 322 3561 Rarius
346 3501 376 3560 et
399 3498 479 3580 apud
503 3499 645 3579 aequales
669 3496 736 3561 Silii
766 3501 796 3561 ot
825 3498 906 3579 apud
936 3517 1007 3561 eum
1029 3498 1130 3579 ipsum
1156 3496 1222 3581 ,66α
1246 3516 1333 3579 prae-

120 3604 229 3687 positio
261 3623 322 3687 seq.
353 3622 452 3670 accus.
488 3605 567 3668 vices
599 3604 723 3668 ablativi
751 3604 941 3667 limitationIs
971 3604 1088 3667 obtinet
1118 3639 1158 3648 -
1189 3603 1219 3667 id
1252 3604 1332 3684 quod

121 3711 205 3793 apud
229 3712 388 3793 scriptores
412 3729 522 3774 aureae
544 3711 706 3774 latinitatis
729 3711 817 3791 plane
840 3710 1023 3773 inusitatum
1045 3712 1100 3773 est.
1146 3708 1205 3774 Ofr.
1228 3710 1332 3774 inPu·

120 3817 201 3880 61616
224 3817 276 3881 XI.
294 3816 365 3881 564.
390 3816 514 3900 Superis
537 3818 569 3880 16
591 3820 661 3880 vota
685 3816 834 3881 secundis.
871 3816 1000 3880 11498.
1024 3815 1189 3880 fecundum
1204 3818 1238 3880 16
1250 3817 1332 3881 frau-

121 3923 176 3987 des
199 3924 360 3987 hominum
382 3942 478 4004 genus
492 3975 498 3987 .
513 3975 539 3987 ..

210 4030 256 4093 De
284 4050 344 4094 usu
372 4030 455 4093 finali
486 4027 551 4113 ,66ιι
583 4029 812 4110 praepositionis
841 4030 916 4093 haec
946 4029 1052 4106 habeo,
1083 4049 1160 4113 quae
1188 4029 1330 4094 afferam:

121 4135 146 4201 I.
163 4136 235 4201 426.
259 4136 415 4201 ductorem
429 4188 435 4200 .
449 4135 519 4201 ..16
542 4135 654 4217 proelia
676 4136 779 4216 poscit.
831 4134 853 4199 I.
880 4137 951 4201 455.
981 4138 1014 4200 16
1041 4137 1169 4218 praedas
1198 4140 1332 4201 stantem

1135 4241 1173 4305 3*
