2910 4614
212 315 251 403 h)
275 319 406 382 Dativus
429 319 529 383 finalis
560 320 641 402 apud
666 320 775 384 Silium
798 319 910 399 legitur
933 337 956 380 7.
973 336 1000 396 g.
1031 316 1079 377 his
1108 314 1196 376 leals:
1234 313 1335 376 1129.

123 424 334 488 Hannibalem
356 444 469 506 poenae
492 426 599 507 petit
592 427 721 508 impiat
708 426 807 489 t.ellus
859 423 1001 488 17798.
1025 439 1113 484 me..
1128 438 1198 484 ,777
1200 419 1254 481 7717
1283 419 1336 481 ab

124 531 236 595 sumite
267 535 316 595 777
318 531 414 594 17--
445 532 484 595 ad
512 536 581 596 vota
610 539 676 596 7777
677 551 710 596 77
663 531 889 595 tso.lvenda
944 529 994 593 lX
1012 528 1084 591 487.
1117 526 1260 606 fusosque
1283 543 1336 606 per

123 656 276 719 aequor..
289 638 371 703 ,7771
393 639 529 703 restitutit
551 658 678 721 pugnae.
729 638 854 702 X.344
882 655 942 699 non
966 639 995 699 te
966 634 1198 707 tmaioribus‚
1225 631 1335 712 inquit

122 745 216 809 Ausis
230 797 235 809 .
249 797 255 809 .
269 798 275 809 .
289 763 368 809 voco.
414 745 450 810 X.
467 746 539 810 420.
564 745 634 809 Dux
658 748 725 808 erat
748 745 849 809 exsilio
873 743 1006 807 collectis
1019 795 1025 806 .
1040 795 1046 806 .
1060 794 1066 805 .
1079 741 1229 804 Metellus.
1267 738 1334 802 Xll.

124 853 197 916 377.
222 850 345 916 Sidonia
367 870 488 933 pugnae
516 851 589 914 Tela
619 851 821 934 exspectabat.
866 850 934 914 XII.
952 850 1022 913 585.
1047 848 1086 911 ad
1117 848 1215 911 nobile
1238 847 1335 909 letum

123 958 328 1040 Exspectant.
343 1009 348 1021 .
362 1009 368 1022 .
382 977 469 1022 777777
499 958 648 1039 mortique
678 961 832 1040 parantur.
884 956 951 1020 XII.
973 957 1043 1020 715.
1067 957 1199 1018 exsertos
1230 951 1335 1016 avidae

121 1083 243 1146 pugnae
324 1064 460 1133 lacertos.
510 1062 594 1128 XIII.
619 1065 691 1129 356.
721 1064 899 1145 caelataque
928 1062 1059 1145 pondera
1086 1060 1168 1124 lacta
1198 1060 1335 1122 Tantum

121 1172 218 1255 epulis
242 1171 309 1234 auri
332 1199 375 1222 =
397 1189 471 1234 vasa
494 1188 587 1233 aurea
610 1170 649 1234 ad
672 1171 778 1252 epulas
794 1169 883 1234 facta.
918 1169 1000 1233 XVI.
1015 1169 1086 1232 174.
1103 1168 1196 1231 Marti
1218 1167 1335 1232 delecta

120 1281 275 1342 iuventus.
312 1276 411 1341 XVII.
428 1278 500 1340 280.
525 1280 645 1359 seposta
661 1277 816 1358 triumpho
831 1275 967 1339 Laurens
983 1275 1095 1357 praeda
1118 1275 1212 1337 ducis.
1250 1273 1334 1337 XIII.

126 1385 201 1448 415
225 1383 283 1447 duc
305 1383 461 1466 praedicta
485 1384 578 1446 sacris
602 1384 677 1446 duro
700 1384 959 1465 placaminatr
895 1383 969 1446 Diti.
1012 1380 1095 1444 Xlll
1112 1381 1184 1443 418.
1208 1383 1336 1462 apparat

125 1491 243 1553 occulto
264 1492 437 1553 monstrata
460 1490 579 1570 piacula
602 1493 713 1571 coepto
765 1489 817 1554 XI.
834 1490 906 1553 444.
931 1488 1013 1552 silice
1042 1488 1204 1568 aggeribus
1228 1505 1280 1568 per
1303 1505 1335 1549 sc

125 1595 288 1659 scandente
303 1599 390 1659 vocat
391 1595 480 1658 is—
506 1599 561 1660 777.

215 1699 273 1765 (lt'r.
295 1701 399 1765 Iliadis
422 1720 528 1765 7777777
555 1702 642 1764 155:
666 1702 790 1766 iubet.
804 1721 863 1784 .ap
865 1702 924 1764 7771
947 1719 1070 1783 corpora
1092 1718 1221 1782 pugnae

214 1805 243 1892 i)
267 1806 405 1890 Denique
428 1808 550 1872 dativus
573 1807 721 1889 frequent
714 1808 817 1870 issima
834 1827 869 1871 ex
885 1807 992 1871 adiect
972 1808 1041 1870 77717
1065 1825 1103 1887 ap
1106 1809 1155 1869 tus
1179 1808 1240 1870 777.
1264 1825 1288 1869 c.
1306 1824 1334 1885 g.

120 1914 144 1978 I.
168 1914 240 1978 541.
272 1914 448 1996 superisque
479 1914 646 1977 habitabile
676 1932 792 1978 saxum.
846 1913 870 1976 I.
894 1914 964 1977 187.
995 1912 1105 1977 virides
1135 1912 1218 1975 ausis
1253 1912 1334 1976 anni.

120 2020 144 2085 1.
167 2021 240 2084 614.
270 2019 393 2084 dextera
478 2021 585 2102 capulo
614 2040 673 2082 non
705 2020 815 2100 segnis.
867 2019 980 2091 1615,
1004 2018 1111 2098 exiguo
1134 2017 1253 2093 faciles3
1283 2017 1333 2082 cfr.

120 2125 176 2190 IV.
193 2126 266 2190 433.
299 2125 352 2190 VI.
369 2127 441 2190 308.
476 2126 634 2190 1711221.
663 2126 731 2190 XV.
751 2127 821 2190 718.
844 2124 927 2189 XVI.
946 2125 995 2188 77.
1031 2162 1072 2170 —
1107 2124 1335 2188 1140277111

121 2232 258 2310 tegimen
280 2232 469 2313 penetrabile
484 2231 571 2295 17777.
624 2232 679 2297 III.
706 2233 777 2296 393.
808 2231 928 2295 conscia
956 2230 1087 2312 thyrsis3
1120 2231 1191 2294 388.
1215 2230 1336 2292 conscia

121 2337 258 2412 Phoebo;
281 2337 332 2402 717.
358 2337 528 2402 17.-23
551 2338 698 2403 111397.
721 2338 847 2401 ltlaenas
877 2340 1026 2401 nocturna
1048 2335 1156 2419 Lyaeo.
1211 2335 1335 2400 V..334

124 2443 202 2506 nulli
223 2463 281 2508 non
305 2445 429 2508 saucius
452 2445 541 2508 hosti.
587 2444 638 2509 VI.
656 2445 728 2510 254.
752 2464 846 2508 novus
870 2444 971 2508 dolori
1014 2443 1152 2508 71126
1177 2443 1335 2524 fraudique

121 2551 261 2632 inaperta
278 2554 427 2615 senectus.
464 2551 518 2616 VI.
535 2551 860 2633 41311mpenettrabihs
876 2551 1027 2625 1777711777;
1051 2550 1102 2615 17.
1120 2549 1189 2614 Vll.
1204 2550 1276 2614 561.
1294 2588 1334 2596 —

119 2655 209 2720 VIII.
226 2657 298 2721 345.
322 2657 415 2720 surda
439 2676 490 2720 cas
492 2658 759 2722 tra...monenti.
815 2657 867 2721 XI.
892 2659 939 2721 11.
963 2657 1100 2721 indocilis
1133 2657 1237 2739 quieti.
1282 2656 1335 2720 XI.

120 2763 194 2826 603.
218 2763 301 2825 haud
323 2763 379 2826 ulli
403 2763 592 2844 superabilis.
644 2763 712 2827 XII.
736 2764 807 2826 348.
832 2781 920 2843 asper
942 2764 1018 2844 paci.
1070 2763 1155 2827 Xlll.
1173 2763 1244 2826 585.
1269 2781 1336 2843 pro·
1380 2753 1383 2758 ’

119 2868 207 2931 711717
231 2869 345 2932 sceleri.
390 2868 457 2932 XV.
476 2870 546 2933 177.
570 2869 690 2950 hospita
712 2869 843 2932 Tarraco
867 2869 995 2933 Baccho.
1043 2868 1079 2932 V.
1096 2870 1165 2932 131.
1189 2869 1264 2931 nulli
1287 2887 1337 2932 ex-

118 2973 251 3038 orabilis.
308 2974 390 3038 XVI.
410 2975 459 3038 16.
486 2974 658 3038 inviolabile
680 2975 749 3039 telis
769 2977 929 3057 ...caput
981 2973 1065 3038 XVI.
1083 2974 1155 3037 597.
1178 2993 1235 3037 nec
1258 2974 1335 3038 bello

119 3097 263 3160 prospera
285 3080 384 3143 turba.
430 3079 482 3144 XI.
499 3081 571 3144 437.
596 3081 775 3145 concordem
799 3081 974 3144 citharae..
990 3080 1156 3161 linguam.
1194 3079 1246 3143 lX.
1261 3081 1333 3143 451.

119 3185 194 3248 518.
218 3205 339 3267 pugnae
362 3185 479 3252 intenti.

209 3293 245 3355 In
268 3292 364 3357 Iliade
387 3294 508 3356 nullum
532 3293 697 3373 vestigium
720 3293 893 3356 huiusmodi
916 3295 1026 3358 inveni.

572 3489 605 3554 3.
636 3486 688 3554 117
711 3489 885 3572 genetivo.

207 3627 358 3707 Quattuor
368 3630 563 3710 potissimum
579 3634 651 3694 sunt
662 3649 772 3710 genera
785 3632 924 3711 genetivi,
941 3650 1019 3712 quae
1032 3630 1148 3693 Punica
1160 3630 1333 3709 legentibus

117 3734 168 3799 771
183 3735 361 3817 saepissime
377 3740 548 3812 occurrunt,
572 3737 602 3800 in
623 3738 753 3818 epitome
769 3740 873 3801 autem
889 3739 1056 3801 maximam
1071 3738 1191 3818 partem
1207 3736 1333 3801 desunt:

117 3842 151 3923 a)
177 3840 344 3905 Genetirus
374 3841 545 3924 partitivus.
592 3842 628 3905 In
658 3844 713 3906 hoc
736 3844 886 3924 imprimis
917 3844 1050 3907 notanda
1073 3846 1120 3907 est
1148 3842 1334 3908 constructio

117 3946 171 4008 illa
199 3947 331 4027 poetica,
363 3965 457 4028 quam
482 3946 668 4011 Graecorum
695 3949 817 4028 linguae
840 3949 942 4012 deberi
964 3950 1045 4013 inter
1066 3969 1171 4015 omnes
1195 3952 1332 4014 constat:

118 4051 304 4116 adiectivum
339 4053 476 4116 neutrius
511 4053 647 4132 generis,
682 4072 753 4116 cum
789 4072 915 4118 numero
950 4054 1096 4134 singulari
1127 4059 1194 4119 tum
1225 4057 1336 4137 plurali

119 4158 271 4238 positum,
310 4177 382 4222 curn
416 4159 556 4239 genetivo
592 4158 777 4221 substantivi
810 4160 854 4222 ita
888 4161 1039 4240 iungitur,
1077 4164 1113 4223 ut
1147 4161 1333 4225 substantivi
