2910 4614
712 101 749 162 21

127 314 259 377 nimium
284 313 433 376 14144414
456 332 488 376 44
511 312 688 385 4411441444;
718 313 823 375 tamen
853 329 913 374 non
937 311 1051 373 veritus
1075 327 1145 372 sum
1167 308 1210 372 ita
1233 308 1336 382 videri,

126 419 290 484 dummodo
322 418 506 499 significem,
538 421 724 501 quantopere
758 417 807 480 hic
836 416 1029 480 accusatiaus
1058 414 1131 479 Silio
1160 415 1192 478 in
1220 415 1335 479 deliciis

125 526 229 601 fuerim
253 525 366 589 etenim
389 525 458 608 plus
481 527 607 589 centum
631 524 856 606 quinquaginta
879 523 1016 605 exempla
1040 522 1222 586 coacervavi.

212 632 249 695 In
271 631 365 696 Iliade
389 650 450 695 444
472 631 568 695 habes
598 632 657 695 nisi
686 632 760 694 haec
789 631 848 694 tria
871 629 1009 712 exempla
1032 628 1183 711 participii
1205 627 1334 710 passivi:

127 740 339 820 intempore
370 739 446 802 vitta
469 737 648 820 Implicitus.
701 736 943 801 478144144144
973 739 1097 818 pectora
1124 736 1192 799 telo.
1239 735 1334 798 1068.

121 846 207 909 14444
230 844 372 909 4441144114
395 845 528 926 capillos.
555 882 593 890 -
619 843 699 908 Sunt
721 848 827 908 tamen
845 844 903 907 hae
919 843 1075 906 clausulae
1091 860 1238 905 versuum
1254 842 1335 904 inter

124 951 290 1015 locutiones
313 950 447 1014 maxime
470 951 657 1025 decantatae,
681 969 759 1032 quae
781 951 876 1013 41114
892 950 993 1013 dicam
1016 949 1055 1012 ad
1070 967 1164 1012 usum
1178 948 1334 1031 poeticum

123 1058 291 1142 pertinent3
322 1057 461 1121 stndIum
490 1060 595 1121 autem
624 1058 716 1120 huius
746 1056 933 1131 accusativi,
965 1055 1046 1138 quod
1075 1055 1169 1119 Silius
1200 1073 1272 1136 prae
1302 1074 1334 1119 se

121 1165 190 1240 1441,
217 1165 266 1228 441
288 1182 325 1226 en
347 1182 382 1228 44
405 1165 544 1244 cognosci
571 1166 670 1247 potest
700 1163 781 1245 quod
808 1164 841 1226 in
871 1181 982 1243 magno
1011 1180 1137 1226 numero
1161 1162 1332 1238 vertnmm,

123 1271 237 1353 quibus
261 1289 350 1334 casus
373 1270 425 1334 ille
448 1270 594 1350 subiungi
617 1271 702 1344 44141,
726 1288 804 1351 quae
828 1269 965 1350 Draeger
974 1270 997 1351 ¹)
1023 1268 1054 1332 in
1078 1268 1198 1332 diversa
1221 1287 1334 1349 genera

125 1377 279 1452 distinxit,
310 1395 409 1459 pauca
431 1377 463 1440 in
486 1376 611 1440 Punicis
635 1376 862 1452 desiderantur,
890 1376 1036 1439 nonnulla
1060 1377 1165 1439 autem
1187 1374 1334 1454 Draegeri

125 1483 291 1548 collectioni
314 1483 455 1548 addenda
478 1486 559 1547 4441.

210 1589 243 1676 4)
265 1591 378 1666 Verba,
402 1609 532 1672 quorum
554 1589 729 1673 prinoipads
753 1589 932 1670 significatio
956 1590 1004 1652 est
1018 1587 1222 1663 intransitiva,
1244 1606 1333 1670 saepe

123 1696 396 1778 praeposidonibus
425 1696 591 1778 composita
621 1699 740 1778 praeter
769 1696 1022 1760 consuctudInem
1053 1713 1158 1777 prosae
1190 1695 1333 1759 orationIs

123 1802 187 1865 vim
215 1802 410 1867 transitivum
440 1805 691 1885 assumpserunt:
716 1820 741 1866 e.
758 1821 786 1883 g.
810 1801 863 1865 IX.
881 1802 953 1864 624.
979 1803 1071 1882 atque
1100 1801 1216 1865 assidet
1239 1820 1332 1866 arces.

120 1908 190 1973 XII.
208 1907 283 1972 453.
307 1927 441 1973 44444444
465 1907 587 1992 Capuae
610 1927 723 1972 muros.
769 1908 823 1972 IV.
841 1908 913 1970 364.
937 1908 1044 1971 144444
1067 1907 1224 1972 Eurotam.
1263 1907 1332 1972 XII.

120 2014 194 2078 487.
217 2014 326 2078 insidit
347 2014 458 2079 Tifata.
496 2015 532 2078 V.
550 2017 579 2078 3.
604 2015 750 2078 silvarum
774 2013 930 2078 anfractus
953 2013 1115 2078 insederat.
1154 2014 1240 2078 VIII.
1258 2014 1331 2078 249.

120 2121 315 2203 oblatratque
340 2124 490 2186 senatum.
541 2122 623 2185 XIV.
640 2122 713 2184 454.
738 2123 830 2202 atque
854 2120 934 2185 exire
956 2121 1112 2202 procellas,
1158 2119 1241 2184 XIV.
1258 2121 1332 2185 493.

122 2246 314 2309 quamquam
335 2226 474 2291 nondum
497 2229 676 2292 excessisset
691 2228 829 2310 ephebos.
866 2226 932 2290 XV.
946 2227 1018 2290 375.
1035 2225 1150 2289 Forsan
1165 2231 1197 2290 et
1212 2230 1333 2291 enasset

122 2333 220 2415 rapidi
241 2334 319 2398 freta
343 2335 425 2398 44441
447 2335 559 2416 pericli.
604 2334 689 2399 XIII.
721 2335 793 2399 221.
818 2334 974 2398 subsidere
998 2352 1086 2416 saepe
1109 2333 1238 2398 leonem.
1288 2333 1333 2397 Π.

126 2439 198 2502 265.
213 2439 362 2503 humandi
372 2441 560 2523 Deproperat
575 2461 698 2506 munus.
733 2441 786 2505 IV.
803 2442 876 2504 382.
899 2440 1015 2522 proruit
1029 2441 1184 2504 Albanum
1205 2443 1261 2504 etc.
1274 2442 1333 2505 etc.

211 2546 247 2609 In
269 2545 364 2610 Iliade
389 2547 446 2610 vid.
471 2548 543 2610 607.
567 2548 655 2630 clipei
677 2548 845 2631 perlabitur
867 2565 951 2623 4444;
981 2546 1062 2630 quod
1093 2547 1266 2629 exemplum
1289 2548 1332 2610 nil

120 2651 236 2715 insoliti
257 2653 358 2728 habet,
383 2654 583 2734 quamobrem
607 2654 681 2716 14114
705 2673 721 2718 4
743 2653 868 2718 Ρ441414
892 2673 953 2717 444
977 2654 1076 2716 411411.

208 2772 245 2862 d)
270 2777 490 2840 Accusativnm
512 2777 667 2841 verbalem
689 2777 783 2840 habes
806 2777 838 2840 in
860 2777 1002 2841 Punicis:
1035 2777 1121 2840 XIII.
1138 2778 1211 2841 386.
1234 2777 1332 2841 letum

120 2882 308 2946 occumbere.
360 2883 384 2946 Ι.
400 2883 474 2946 435.
498 2883 578 2946 bella
608 2887 722 2948 tonare.
776 2883 831 2947 III.
856 2884 929 2947 439.
961 2884 1136 2966 scopulique
1166 2903 1272 2949 444444
1302 2887 1333 2949 41

121 2987 220 3052 144144
242 2988 376 3052 ferarum
399 2989 538 3070 Pyrenen
561 2993 714 3054 resonant.
761 2989 814 3055 IV.
832 2992 882 3054 61.
906 2989 1057 3055 debellata
1088 2991 1168 3054 bella
1190 3009 1262 3055 voce
1284 3010 1333 3054 so-

120 3097 183 3158 441.
229 3094 315 3159 XIII.
333 3096 406 3159 561.
429 3096 514 3178 itque
529 3095 668 3178 reditque
690 3097 766 3160 vias.
805 3095 878 3179 (cfr.
895 3116 962 3179 pag.
982 3098 1032 3160 11.
1058 3096 1094 3162 414
1111 3097 1330 3162 adiectivorum

121 3198 237 3264 neutris
254 3201 394 3265 similiter
408 3202 539 3285 positis)

207 3322 240 3408 e)
264 3324 382 3401 Restat,
405 3330 441 3389 ut
463 3346 557 3390 usum
579 3326 645 3390 eius
668 3326 835 3391 accusativi
858 3327 1013 3408 explicem,
1042 3346 1101 3410 qno
1123 3329 1208 3392 locus
1232 3329 1331 3410 desig-

119 3431 221 3504 natur,
244 3430 276 3493 in
300 3449 392 3511 quem
415 3435 517 3495 motus
540 3433 575 3496 lit
600 3431 684 3514 (nost
709 3434 816 3497 Aecus
846 3433 898 3498 der
922 3433 1166 3517 Ortsrichtung):
1199 3434 1252 3498 cfr.
1275 3435 1321 3498 IV
1322 3483 1330 3498 .

121 3536 192 3599 761.
224 3538 342 3618 optatos
373 3539 603 3603 44444414444.
659 3540 802 3603 111372.
834 3538 1027 3619 Carthaginis
1056 3558 1140 3602 arces
1170 3542 1219 3606 144
1248 3540 1331 3605 ferox

118 3640 209 3721 Mago
223 3692 230 3705 .
243 3691 249 3704 .
263 3692 270 3706 .
285 3642 441 3726 (iubetur).
479 3645 547 3708 XII.
566 3647 638 3709 368.
663 3644 793 3710 Sardoos
816 3646 859 3710 ire
882 3664 1029 3709 recessus.
1070 3645 1157 3710 VIII.
1175 3647 1247 3710 159.
1272 3645 1330 3729 Op-

118 3766 263 3811 renaeam
276 3799 282 3812 .
297 3798 304 3811 .
319 3750 445 3813 ,urbem
468 3750 610 3815 Devenio.
663 3751 749 3816 XIII.
768 3754 840 3816 888.
863 3752 1026 3815 Prusiacas
1050 3751 1171 3817 delatus
1195 3753 1331 3835 segniter

118 3872 196 3918 4444.
248 3854 345 3919 XVII.
364 3856 436 3919 158.
466 3858 584 3920 Aurora
614 3861 713 3922 ratem
736 3859 840 3923 Dauni
871 3858 1031 3922 devexerat
1062 3877 1140 3924 oras.
1197 3860 1238 3924 11.
1255 3862 1328 3926 281.

119 3962 250 4024 mortem
272 3961 345 4025 licet
368 3980 455 4024 arma
479 3965 689 4045 propinquent.

119 4105 435 4112 ——ss-..ffl

208 4175 228 4238 ¹)
245 4172 262 4224 l.
277 4172 295 4225 l.
308 4173 329 4227 I.
342 4189 402 4240 pag.
422 4173 569 4228 363-370.
