2910 4614
706 153 746 215 89

117 367 190 428 229.
222 366 384 427 243--46,
417 366 578 427 439-31.
640 363 703 426 lib.
741 363 811 426 XII.
851 365 966 429 q„1q
999 365 1137 428 55-55.
1172 366 1331 430 186--89,

118 474 279 537 229-31.
296 472 457 534 234-36.
474 471 635 533 247-59,
655 470 840 533 aea-400.
857 471 962 533 468-
968 472 1018 534 62.
1037 471 1109 533 626.
1157 470 1220 534 Lib.
1245 470 1331 534 XIII.

118 579 257 641 24-29,
280 578 387 639 299-
390 577 463 639 293.
491 578 564 639 238.
593 577 754 639 ara-43.
778 576 850 638 267.
876 577 948 639 557.
994 576 1058 639 Lib.
1085 575 1166 640 XIV.
1191 577 1330 642 61-63,

120 686 280 747 121-24,
312 685 416 746 143-
420 684 470 746 47.
500 683 570 746 162.
601 683 705 744 189-
709 683 760 745 91.
789 682 861 745 314.
890 682 962 745 494.
987 684 1094 745 479
1098 683 1148 747 80
1171 684 1332 748 623-24,

117 791 180 854 Lib.
208 790 273 853 XV.
299 790 459 852 154-57.
486 790 593 851 216-
600 790 647 851 13
676 790 749 851 aad.
778 790 852 851 368.
879 789 952 850 464.
980 788 1141 854 cas-87.
1170 790 1276 852 579-
1281 790 1332 852 89.

120 898 281 959 677-78,
302 897 461 958 712-14,
486 894 633 975 (quinque
657 895 777 976 comp).
804 896 875 957 738.
894 895 1054 957 rao-73.
1074 894 1232 957 784-88.
1268 894 1332 958 Iib.

118 1002 201 1064 XVI.
224 1001 343 1064 4-19.
364 1002 504 1064 35-38.
530 999 675 1081 (quinque
699 1000 816 1081 comp).
841 1000 1154 1064 96-98,99-199.
1171 1002 1332 1064 384-86.

119 1110 193 1170 394.
230 1107 413 1169 500—501.
466 1105 531 1175 Lib.
562 1104 661 1168 XVII.
698 1107 747 1168 73.
784 1105 942 1169 121-24.
977 1105 1137 1168 297-11.
1173 1107 1334 1171 416-17.

118 1213 279 1276 447-59.
303 1213 464 1275 474-78,
487 1213 648 1275 487-99.
672 1212 810 1274 594-8.
834 1212 972 1275 699-2.
994 1212 1154 1275 647-48.
1172 1212 1333 1274 649-60.

208 1335 350 1400 Ceterum
380 1355 416 1400 on
448 1335 504 1398 boc
533 1354 661 1399 numero
692 1335 832 1415 quamvis
861 1353 972 1414 magno
996 1336 1069 1398 nihil
1094 1335 1270 1398 documenti
1294 1334 1333 1398 ad

120 1461 223 1507 meam
258 1443 443 1506 sententiani
479 1441 668 1522 probandam
699 1441 891 1522 repetiverim
924 1476 962 1486 -
995 1460 1068 1504 nam
1097 1441 1165 1504 talis
1196 1442 1333 1523 quaestio

119 1549 240 1612 videtur
269 1548 362 1612 nimis
391 1547 515 1610 minuta
543 1566 609 1611 esso
636 1569 692 1620 -*;
722 1548 747 1610 it
769 1549 891 1610 tantum
916 1546 1073 1611 ostendere
1099 1547 1177 1610 volui
1201 1547 1239 1610 66
1263 1566 1335 1610 666-

120 1655 250 1717 trarium
281 1653 524 1716 confirmandum
548 1653 749 1732 Deeringium
778 1652 853 1716 falso
877 1652 991 1734 aliquid
1015 1672 1031 1716 e
1055 1653 1334 1733 comparationibus

119 1760 283 1839 collegisse.

209 1881 269 1945 Sed
297 1882 353 1944 666
382 1881 445 1944 loco
475 1882 602 1962 paulum
632 1899 872 1956 commoremur,
901 1884 937 1945 ut
960 1882 1049 1964 plano
1079 1882 1214 1964 exemplo
1238 1884 1336 1946 exstet

119 1994 212 2069 atque
244 1988 390 2060 emineat,
422 2005 515 2068 quam
545 1986 627 2050 futili
655 1987 770 2050 ratione
801 1987 851 2050 ille
879 2005 945 2050 rem
975 1989 1069 2068 gerat.
1117 1986 1175 2066 Qui
1200 1990 1230 2051 ot
1254 1987 1335 2069 apud

121 2094 231 2158 Silium
263 2096 293 2157 66
321 2093 403 2175 apud
434 2092 538 2156 Iliadis
568 2093 746 2176 scriptorem
776 2092 914 2155 studium
937 2097 968 2157 66
991 2111 1127 2156 amorem
1150 2093 1193 2157 rei
1217 2093 1334 2157 navalis

121 2204 152 2263 ot
175 2200 354 2281 piscatoriae
378 2199 577 2282 deprehendit
588 2200 629 2281 1);
663 2199 764 2272 Silius,
788 2199 1103 2280 praeterquamquod
1129 2201 1195 2264 octo
1211 2200 1337 2281 praebet

120 2305 361 2387 comparationes
391 2305 429 2368 ad
459 2307 555 2369 vitum
584 2310 753 2369 nautarum
781 2308 812 2368 et
841 2305 1028 2386 piscatorum
1055 2305 1256 2387 pertinentes,
1285 2305 1335 2369 lib.

120 2410 204 2492 XIV.
229 2411 412 2475 353—579.
440 2429 576 2492 pugnam
611 2412 753 2475 navalem
790 2414 860 2474 ante
893 2410 1063 2492 Syracusas
1094 2410 1209 2474 factam
1240 2410 1337 2485 finxit,

120 2517 253 2599 profecto
287 2534 346 2579 666
382 2516 482 2580 studio
513 2516 626 2591 maris,
661 2516 713 2589 sed
749 2515 815 2580 sine
849 2515 941 2579 dubio
975 2516 1007 2579 id
1037 2518 1160 2580 tantum
1191 2516 1267 2597 egit,
1302 2518 1338 2580 ut

122 2624 276 2686 Romanos
300 2623 379 2686 mari
404 2640 522 2704 quoque
545 2622 673 2685 victores
702 2640 768 2686 esse
792 2622 1023 2686 demonstraret.
1070 2621 1110 2686 36
1133 2622 1185 2704 qui
1208 2621 1237 2685 in
1265 2623 1336 2698 116,

120 2729 216 2791 immo
243 2729 304 2790 194
328 2727 606 2809 comparationibus
634 2727 727 2791 octies
750 2730 862 2790 nautas
885 2731 917 2791 ot
939 2727 1105 2810 piscatores
1128 2727 1230 2803 affert,
1262 2746 1337 2790 num

121 2835 147 2897 is
171 2835 329 2915 propterea
352 2851 437 2896 mare
461 2833 622 2896 adamasse
645 2832 801 2915 putandus
819 2834 887 2898 est?
922 2831 1051 2914 Saepius
1076 2831 1168 2897 Silius
1192 2851 1336 2915 personas

122 2957 194 3002 suas
219 2958 290 3002 curn
313 2939 451 3002 leonibus
475 2938 604 3021 aliisque
620 2938 727 3002 bestiis
743 2937 946 3020 comparavit:
970 2956 1047 3001 num
1070 2938 1107 3001 66
1124 2956 1193 3002 eom
1209 2956 1337 3003 eausam

121 3045 176 3109 has
199 3044 314 3109 bestias
338 3044 518 3108 adamavit?

210 3168 277 3232 Iam
297 3187 375 3244 vero,
400 3187 479 3250 quae
494 3167 601 3232 attulit
616 3167 807 3249 Deeringius,
830 3171 866 3232 ut
879 3167 1021 3251 probaret
1037 3167 1140 3232 Iliadis
1158 3167 1337 3250 scriptorem

123 3275 229 3338 eodem
254 3293 356 3339 amore
380 3278 505 3358 captum
522 3293 597 3349 esse,
620 3273 764 3337 virtuali
781 3276 828 3338 est
843 3273 985 3349 refutare,
1009 3273 1257 3356 quandoquidem
1271 3273 1336 3356 ipse

121 3382 215 3444 verba
239 3399 295 3444 sua
314 3380 467 3444 refutavit.
513 3382 614 3461 Atque
636 3380 701 3462 ipse
725 3398 757 3443 se
774 3397 932 3462 perperam
948 3379 1082 3442 iudicare
1098 3379 1186 3443 facile
1202 3378 1337 3453 vidisset,

122 3485 180 3548 nisi
203 3486 282 3549 miro
306 3485 407 3549 studio
430 3489 608 3550 occaecatus
633 3488 714 3550 esset
741 3485 844 3549 omnia
868 3485 1008 3566 quamvis
1032 3484 1131 3548 aliena
1155 3484 1336 3559 arcessendi,

123 3592 289 3654 dummodo
305 3591 439 3673 opinioni
455 3610 528 3654 suae
545 3592 676 3680 speciem
693 3591 829 3655 veritatis
845 3591 1021 3672 imponeret.
1062 3587 1217 3652 Conclusit
1233 3596 1337 3653 autem

122 3698 211 3760 illum
235 3715 371 3760 amorem
395 3716 410 3759 e
434 3716 523 3760 versu
548 3697 606 3760 57:
633 3700 755 3780 „portus
779 3697 892 3759 intrare
917 3694 1053 3770 subitis&
1077 3698 1108 3759 et
1130 3695 1248 3759 ultimis
1272 3714 1339 3759 ver-

124 3803 209 3866 sibus
234 3801 346 3877 Iliadis,
371 3802 481 3883 quibus
506 3803 635 3884 scriptor
657 3821 780 3884 operam
804 3819 893 3864 suam
913 3819 984 3865 curn
1001 3801 1194 3881 navigatione
1212 3800 1335 3865 confert.

121 3909 210 3971 Tales
240 3911 345 3971 autem
374 3907 614 3989 comparationes
645 3908 733 3988 plane
762 3906 894 3970 usitatas
924 3905 1018 3970 fuisse
1048 3925 1107 3969 666
1132 3907 1230 3971 solnm
1255 3906 1336 3989 apud

211 4193 231 4257 ¹)
250 4204 336 4256 progr.
357 4205 417 4256 pag.
437 4189 461 4241 8.
