2910 4614
715 102 754 168 70
774 135 777 141 ⁴

118 323 189 386 fere
222 321 359 384 numeris
391 320 545 382 absolutos
576 324 667 400 atque
689 321 851 401 perfectos,
881 341 950 384 eum
976 324 1125 385 seniorem
1149 321 1340 385 duriusculos

117 431 285 509 multoque
308 427 489 489 horridiores
514 428 653 505 rythmos
682 447 742 489 non
766 427 955 491 detestatum
979 447 1044 492 esse
1069 428 1264 491 nullomodo
1288 427 1341 490 ad-

119 536 197 599 duci
227 552 353 615 possum
382 537 417 595 ut
448 533 581 596 credam.
634 531 776 596 Ceterum
804 552 876 595 eum
907 535 1087 614 Deeringius
1118 553 1179 596 non
1208 535 1341 615 potuerit

121 643 184 705 hoo
207 659 268 702 non
282 640 443 712 affirmare,
467 658 506 701 ne
522 642 619 701 totam
637 658 727 701 suam
743 640 1005 703 ratiocinationem
1030 641 1168 703 funditus
1184 643 1340 712 everteret,

123 746 267 829 pluribus
290 746 390 808 verbis
414 748 519 807 contra
543 764 613 806 eum
637 744 712 806 mihi
736 745 956 827 disputandum
980 751 1034 810 est.

215 853 260 914 Ao
289 851 424 932 primum
455 850 578 930 quidem
608 869 811 913 commemoro
841 870 962 925 ornnes,
994 853 1047 932 qui
1070 851 1226 930 Deeringii
1250 850 1286 914 de
1310 869 1341 912 re

122 958 257 1021 metrica
295 956 584 1018 commentationem
620 957 816 1036 perlegerint,
855 958 981 1020 minime
1020 958 1227 1020 intellecturos
1265 975 1341 1030 esso,

125 1066 244 1144 quanto
278 1062 447 1124 hexametri
482 1061 634 1143 scriptoris
664 1061 769 1124 Iliadis
800 1063 1010 1144 castigatiores
1044 1064 1107 1125 sint
1140 1082 1234 1143 quam
1265 1061 1343 1135 Silii,

125 1169 276 1250 quoniam
299 1169 348 1229 ille
373 1186 431 1230 non
455 1185 588 1247 aequum
613 1186 775 1231 nnmemm
792 1187 937 1231 versuum
954 1168 1139 1231 Silianorum
1165 1168 1263 1248 (1000
1283 1168 1341 1249 vv.)

124 1293 201 1338 oum
224 1271 321 1336 Iliade
351 1274 553 1352 comparavit,
585 1273 637 1336 sed
667 1275 802 1353 singulos
831 1277 957 1336 tantum
981 1274 1072 1337 libros
1096 1272 1132 1352 (I.
1157 1273 1208 1336 lX.
1232 1272 1341 1354 XVII.)

123 1380 161 1442 in
184 1379 396 1459 quaestionem
420 1379 552 1451 vocavit3
577 1397 636 1458 quo
659 1379 742 1441 haud
766 1379 858 1442 dubie
880 1380 946 1442 lieri
969 1383 1078 1460 potest,
1102 1383 1138 1442 ut
1152 1379 1203 1441 hic
1218 1380 1341 1453 alterve,

127 1502 322 1565 quamquam
347 1485 507 1566 scriptores
530 1485 610 1546 inter
633 1504 664 1547 so
682 1484 841 1547 dissentire
859 1483 949 1558 videt,
973 1485 1134 1564 Deeringio
1150 1485 1343 1564 astipuletur,

126 1608 202 1652 eum
224 1607 313 1652 veras
336 1589 522 1652 differentias
547 1609 606 1652 non
630 1590 749 1652 sentiat.

219 1693 307 1772 Quod
335 1694 519 1774 Deeringius
551 1695 690 1775 opposuit
720 1695 891 1769 licentiam,
922 1714 1016 1775 quam
1041 1695 1132 1758 Silius
1163 1696 1193 1757 in
1222 1695 1343 1758 PunieIs

128 1798 188 1863 sibi
221 1799 368 1874 indulsit,
403 1800 608 1863 excusandam
640 1819 724 1875 esse,
760 1801 870 1882 quippe
901 1820 972 1864 cum
1003 1802 1059 1864 hoo
1091 1820 1214 1864 carmen
1246 1801 1343 1862 multo

126 1905 244 1968 maiore
269 1906 388 1968 ambitu
417 1909 508 1974 esset,
540 1923 635 1986 quam
659 1906 807 1986 epitome:
839 1909 959 1968 constat
983 1925 1053 1968 eum
1077 1908 1169 1970 etiam
1193 1925 1344 1986 magnum

126 2011 273 2092 temporis
308 2012 443 2092 spatium
478 2011 516 2073 ad
551 2029 659 2091 poema
694 2012 913 2074 elaborandum
952 2016 1043 2091 atque
1078 2012 1251 2074 limandum
1286 2011 1344 2073 sibi

122 2117 310 2197 sumpsisse,
345 2120 380 2179 ut
413 2116 555 2197 equidem
588 2135 698 2195 negem
722 2115 833 2178 Silium
867 2135 903 2178 ea
934 2120 1110 2197 praecepta,
1142 2134 1220 2197 quae
1245 2120 1340 2178 autea

112 2222 295 2301 diligenter
317 2222 534 2295 observaverit,
559 2227 663 2302 postea
686 2223 867 2301 neglexisse.
912 2221 997 2284 Haec
1021 2226 1126 2284 autem
1150 2222 1262 2284 eiiam
1285 2240 1345 2282 non

130 2328 209 2392 satis
241 2327 384 2391 distincte
412 2328 443 2390 in
473 2329 621 2390 mamona
652 2329 787 2391 haesisse
812 2365 850 2374 --
876 2327 956 2408 qnod
980 2327 1161 2407 Deeringius
1186 2327 1345 2406 designare

128 2434 254 2498 videtur
266 2435 289 2514 1)
316 2469 355 2478 -—
381 2453 441 2496 non
464 2434 618 2515 probabile
642 2438 698 2508 est,
721 2435 816 2496 immo
840 2434 942 2515 aliquo
965 2434 1054 2496 modo
1076 2433 1202 2496 ridicule
1219 2434 1346 2496 dictum.

132 2540 196 2602 Alii
218 2539 301 2602 enim
323 2542 431 2620 poetae
454 2543 489 2602 ut
506 2538 641 2613 Ovidius,
667 2540 719 2619 qui
734 2541 859 2602 invenes
874 2540 1038 2602 versiculos
1055 2540 1138 2602 omni
1154 2543 1219 2602 arte
1235 2539 1347 2602 nitidos

135 2646 331 2726 seripserunt,
355 2646 450 2708 etiam
474 2649 574 2708 aetate
598 2646 789 2707 corroborata
815 2664 872 2707 non
895 2647 1031 2707 multum
1049 2664 1067 2707 a
1082 2645 1178 2725 priore
1195 2645 1347 2707 suavitate

132 2754 333 2814 recesserunt.
386 2749 446 2813 Sed
480 2751 505 2813 si
540 2770 611 2814 eum
642 2750 804 2829 Deeringio
836 2751 868 2812 in
898 2750 1036 2830 opinione
1068 2769 1205 2812 essemus
1238 2749 1347 2812 Silium

134 2855 365 2920 adulescentem
393 2857 591 2936 elegantiores
622 2874 726 2919 versus
750 2855 969 2936 composuisse,
998 2858 1103 2936 postea
1125 2858 1245 2929 autern,
1275 2873 1348 2917 oum

131 2961 187 3023 diu
217 2981 249 3024 se
279 2981 339 3024 non
370 2962 569 3036 exercuisset,
600 2961 636 3024 de
666 2961 818 3042 elegantia
849 2960 1016 3034 remisisse,
1049 2978 1235 3040 consequens
1267 2963 1348 3023 esset

131 3085 206 3130 eum
239 3066 272 3128 in
300 3067 426 3130 Punicis
460 3066 614 3146 gradatim
648 3066 680 3129 in
711 3070 775 3130 arte
804 3067 931 3129 metrica
962 3065 1131 3146 profecisse.
1183 3065 1299 3128 Tamen
1329 3082 1347 3127 a

131 3171 232 3253 primo
262 3173 301 3234 ad
333 3176 503 3237 extremum
534 3191 639 3235 secum
673 3172 835 3245 eonsentit;
867 3190 963 3252 neque
996 3171 1077 3234 enim
1109 3171 1182 3234 fides
1206 3169 1347 3233 habenda

132 3280 183 3340 est
206 3277 418 3360 Deeringiol),
443 3279 495 3360 qni
519 3277 677 3341 contendit
707 3314 748 3321 —
773 3277 887 3341 scilicet
921 3280 957 3339 nt
990 3279 1134 3357 putemus
1170 3275 1280 3338 Silium
1314 3276 1348 3338 in

133 3383 260 3446 Punicis
290 3387 507 3464 argumentum
536 3383 651 3446 maiore
675 3401 746 3445 oum
775 3381 931 3462 diligentia
953 3400 1076 3444 curasse
1101 3399 1194 3462 quam
1217 3380 1346 3444 formam

132 3488 280 3551 orationis
312 3490 413 3552 -in
441 3489 560 3552 ultimis
592 3489 678 3552 libris
708 3487 871 3551 deteriores
902 3488 1092 3550 hexametros
1116 3486 1175 3565 legi
1200 3505 1293 3567 quam
1316 3487 1348 3548 in

131 3593 259 3676 primis:
284 3613 383 3674 neque
405 3595 437 3656 in
460 3595 520 3657 ihis
544 3614 691 3657 numerus
716 3593 917 3674 spondeorum
940 3594 1038 3655 maior
1061 3595 1116 3665 est,
1139 3594 1175 3654 ut
1196 3592 1348 3654 etabellis

131 3699 250 3782 meisa
283 3700 413 3781 perspici
441 3700 525 3775 licet,
560 3719 657 3781 neque
687 3717 814 3761 numero
845 3700 876 3762 et
907 3697 1070 3779 asperitate
1102 3697 1263 3760 elisionum
1293 3696 1350 3759 dif-

131 3804 263 3868 ferentia
294 3805 389 3868 statui
419 3802 534 3889 potest,
566 3824 644 3885 quae
672 3805 800 3867 adrem
822 3804 981 3884 pertineat.
1028 3801 1232 3866 Conferantur
1254 3803 1347 3866 haee:

127 3912 165 3974 in
188 3911 239 3974 lib.
264 3911 287 3973 l.
311 3910 352 3974 Π.
378 3910 434 3991 (--·
457 3909 636 3994 0001401.)
663 3912 736 3972 sunt
759 3909 898 3972 elisiones
923 3909 996 3983 594,
1019 3908 1052 3968 in
1068 3909 1119 3970 lib.
1142 3906 1225 3971 XVI.
1249 3907 1347 3969 XVII.

138 4072 293 4078 ...—---.—-
297 4072 430 4080 —--.
436 4073 456 4077 -

225 4158 244 4219 ¹)
263 4155 324 4213 diss,
346 4173 404 4222 [rog.
425 4157 465 4208 10.
484 4156 530 4208 lin.
552 4157 591 4212 12.
682 4155 703 4219 ιὶ)
724 4153 789 4212 lbid,
809 4170 868 4220 pag.
890 4157 930 4207 10.
1021 4155 1041 4221 ³³)
1061 4153 1126 4220 Pag.
1146 4152 1180 4206 50
1199 4167 1237 4219 sq.
