2910 4614
329 1241 384 1339 B.
425 1237 749 1358 Quaestiones
785 1239 1030 1339 metricae.

600 1612 757 1619 ——--

230 1893 262 1960 Ι.
289 1892 341 1959 lle
378 1910 526 1960 numero
564 1893 798 1978 spondeorum
828 1896 862 1960 et
893 1893 1127 1979 dactylorum.

160 2109 199 2172 In
220 2108 386 2173 miscendis
410 2108 539 2190 dactylis
563 2111 594 2173 et
622 2108 761 2190 spondeis
790 2127 886 2189 quam
916 2107 1068 2171 rationem
1097 2111 1203 2189 poetae
1227 2108 1287 2171 Ro-

73 2233 239 2280 manorum
264 2216 361 2279 secuti
378 2215 450 2288 sint,
473 2217 592 2296 primns
609 2218 760 2296 quantum
777 2214 837 2278 scio
854 2214 1054 2277 Drobischins
1065 2216 1088 2296 1)
1104 2213 1287 2293 inuestigare

74 2324 200 2386 conatus
224 2324 279 2396 est,
311 2320 362 2401 qui
386 2320 424 2383 ad
447 2321 616 2384 hamorem
639 2321 804 2384 eruendam
827 2339 977 2401 magnum
1006 2338 1172 2384 numerum
1193 2319 1289 2399 insig-

73 2427 196 2491 niorum
218 2429 387 2509 poetarum,
411 2425 562 2508 imprimis
586 2427 750 2508 epicorum,
774 2426 949 2507 diligentius
973 2427 1112 2508 inspexit.
1152 2427 1196 2488 Ac
1212 2425 1289 2488 Dro-

72 2531 181 2596 bisehii
203 2532 294 2606 viam,
329 2532 438 2613 quippe
470 2550 541 2595 cum
565 2535 596 2595 et
617 2532 694 2594 mihi
717 2535 752 2594 ut
774 2533 890 2613 optima
913 2533 1066 2613 probetur,
1088 2530 1208 2612 ingredi
1230 2531 1290 2594 mi-

70 2637 157 2702 nime
180 2637 334 2712 dubitavi3
358 2656 458 2719 neque
480 2641 585 2701 temen
608 2637 640 2698 in
663 2655 707 2712 eo,
731 2637 811 2716 quod
834 2637 880 2700 vir
902 2636 1010 2700 doetus
1034 2637 1071 2700 de
1095 2636 1169 2701 Silio
1179 2638 1203 2720 ²)
1227 2640 1289 2700 ret·

70 2743 160 2819 tulit,
188 2744 294 2826 putavi
328 2743 405 2806 mihi
434 2741 691 2824 acquiescendum
722 2760 797 2806 esse.
854 2741 964 2822 ltaque
993 2760 1066 2805 eum
1096 2742 1146 2806 ille
1168 2741 1201 2805 in
1225 2742 1288 2804 500

71 2868 181 2914 versus
204 2849 275 2913 libri
296 2849 388 2930 primi
410 2847 627 2928 disquisierit,
651 2846 794 2928 equidem
826 2847 999 2911 examinavi
1029 2847 1115 2912 9000
1143 2865 1289 2912 versuum

73 2992 116 3002 -
141 2973 265 3019 carmen
289 2953 440 3018 Silianam
463 2955 583 3017 constat
608 2955 725 3016 12202
749 2970 894 3017 versuum
926 2989 965 2998 -
995 2956 1087 3034 atque
1113 2954 1195 3016 1000
1224 2972 1291 3016 ver-

73 3079 128 3125 sus
152 3059 257 3124 Iliadis
281 3060 416 3124 Latinae.
467 3057 546 3138 Quid
571 3059 747 3140 quaestione
777 3077 847 3122 mea
876 3058 1063 3141 perfecerim,
1086 3058 1231 3121 facillime
1254 3076 1290 3121 ex

71 3167 157 3230 hisce
181 3166 311 3240 tabellis,
335 3184 412 3246 quas
435 3165 609 3228 Drobischii
632 3164 726 3244 signis
750 3183 825 3228 usus
849 3182 944 3246 quam
976 3165 1062 3246 potui
1084 3162 1290 3228 curiosissime

72 3272 241 3353 composui,
265 3271 433 3353 intelleges.
451 3280 455 3289 '

80 3521 253 3528 ...-——.—-...
280 3521 290 3525 -
300 3521 302 3524 .
312 3520 399 3525 --.-.<

62 3677 65 3682 ⁵
167 3711 186 3778 ¹)
205 3709 347 3762 Verhandl.
377 3708 423 3762 der
450 3710 511 3777 Kgl.
536 3710 619 3763 sicha.
645 3709 701 3761 Ges.
727 3709 752 3761 d.
778 3708 934 3761 Wissensch.
961 3725 993 3760 zu
1011 3707 1126 3775 Leipzig.
1165 3707 1293 3761 Pn-nist.

76 3799 172 3853 Klasse
193 3799 268 3853 1866.
306 3797 353 3850 Bd.
368 3798 469 3850 XVlIl.
483 3814 544 3864 pag.
558 3799 591 3850 tt
605 3813 659 3864 sqq.

167 3923 187 3990 ²)
206 3922 222 3975 l.
236 3921 254 3974 l.
268 3937 327 3989 pag.
343 3922 400 3974 116.
