<?xml version="1.0" encoding="UTF-8"?>
<!DOCTYPE html PUBLIC "-//W3C//DTD XHTML 1.0 Transitional//EN"
    "http://www.w3.org/TR/xhtml1/DTD/xhtml1-transitional.dtd">
<html xmlns="http://www.w3.org/1999/xhtml" xml:lang="en" lang="en">
 <head>
  <title>
</title>
<meta http-equiv="Content-Type" content="text/html;charset=utf-8" />
  <meta name='ocr-system' content='tesseract 3.04.00' />
  <meta name='ocr-capabilities' content='ocr_page ocr_carea ocr_par ocr_line ocrx_word'/>
</head>
<body>
  <div class='ocr_page' id='page_1' title='image "./detibsiliiitali00verrgoog_0096.png"; bbox 0 0 2910 4614; ppageno 0'>
   <div class='ocr_carea' id='block_1_1' title="bbox 124 374 1341 562">
    <p class='ocr_par' dir='ltr' id='par_1_1' title="bbox 124 374 1341 562">
     <span class='ocr_line' id='line_1_1' title="bbox 124 374 1341 456; baseline 0.001 -20"><span class='ocrx_word' id='word_1_1' title='bbox 124 374 225 437; x_wconf 90' lang='lat' dir='ltr'>monio</span> <span class='ocrx_word' id='word_1_2' title='bbox 248 392 314 437; x_wconf 86' lang='lat' dir='ltr'>csse</span> <span class='ocrx_word' id='word_1_3' title='bbox 330 393 391 436; x_wconf 91' lang='lat' dir='ltr'>non</span> <span class='ocrx_word' id='word_1_4' title='bbox 407 393 504 456; x_wconf 84' lang='lat' dir='ltr'>posse,</span> <span class='ocrx_word' id='word_1_5' title='bbox 524 375 669 456; x_wconf 91' lang='lat' dir='ltr'>quoniam</span> <span class='ocrx_word' id='word_1_6' title='bbox 689 375 772 438; x_wconf 89' lang='lat' dir='ltr'>haud</span> <span class='ocrx_word' id='word_1_7' title='bbox 790 395 857 439; x_wconf 90' lang='lat' dir='ltr'>raro</span> <span class='ocrx_word' id='word_1_8' title='bbox 874 375 967 437; x_wconf 85' lang='lat' dir='ltr'>iidem</span> <span class='ocrx_word' id='word_1_9' title='bbox 984 375 1144 455; x_wconf 87' lang='lat' dir='ltr'>scriptores</span> <span class='ocrx_word' id='word_1_10' title='bbox 1162 374 1341 456; x_wconf 72' lang='lat' dir='ltr'>procedente</span> 
     </span>
     <span class='ocr_line' id='line_1_2' title="bbox 125 480 655 562; baseline 0.004 -20"><span class='ocrx_word' id='word_1_11' title='bbox 125 482 261 561; x_wconf 88' lang='lat' dir='ltr'>tempore</span> <span class='ocrx_word' id='word_1_12' title='bbox 284 498 303 542; x_wconf 90' lang='lat' dir='ltr'>a</span> <span class='ocrx_word' id='word_1_13' title='bbox 326 499 358 543; x_wconf 89' lang='lat' dir='ltr'>sc</span> <span class='ocrx_word' id='word_1_14' title='bbox 382 481 440 562; x_wconf 89' lang='lat' dir='ltr'>ipsi</span> <span class='ocrx_word' id='word_1_15' title='bbox 463 480 655 544; x_wconf 78' lang='lat' dir='ltr'>dissentiant.</span> 
     </span>
    </p>
   </div>
   <div class='ocr_carea' id='block_1_2' title="bbox 123 602 1340 1322">
    <p class='ocr_par' dir='ltr' id='par_1_2' title="bbox 123 602 1340 1322">
     <span class='ocr_line' id='line_1_3' title="bbox 213 602 1340 686; baseline 0 -20"><span class='ocrx_word' id='word_1_16' title='bbox 213 602 273 666; x_wconf 85' lang='lat' dir='ltr'>Sed</span> <span class='ocrx_word' id='word_1_17' title='bbox 297 603 442 667; x_wconf 91' lang='lat' dir='ltr'>subtilius</span> <span class='ocrx_word' id='word_1_18' title='bbox 465 623 531 667; x_wconf 91' lang='lat' dir='ltr'>rem</span> <span class='ocrx_word' id='word_1_19' title='bbox 554 607 789 686; x_wconf 76' lang='lat' dir='ltr'>perscrutemur.</span> <span class='ocrx_word' id='word_1_20' title='bbox 837 605 916 684; x_wconf 82' lang='lat' dir='ltr'>Quid</span> <span class='ocrx_word' id='word_1_21' title='bbox 939 605 1056 685; x_wconf 79' lang='lat' dir='ltr'>igitur?</span> <span class='ocrx_word' id='word_1_22' title='bbox 1103 603 1196 668; x_wconf 84' lang='lat' dir='ltr'>Silius</span> <span class='ocrx_word' id='word_1_23' title='bbox 1220 603 1340 667; x_wconf 91' lang='lat' dir='ltr'>adules-</span> 
     </span>
     <span class='ocr_line' id='line_1_4' title="bbox 124 709 1339 793; baseline 0.002 -22"><span class='ocrx_word' id='word_1_24' title='bbox 124 727 208 783; x_wconf 88' lang='lat' dir='ltr'>cens,</span> <span class='ocrx_word' id='word_1_25' title='bbox 247 710 393 772; x_wconf 89' lang='lat' dir='ltr'>alumnus</span> <span class='ocrx_word' id='word_1_26' title='bbox 431 709 609 791; x_wconf 89' lang='lat' dir='ltr'>disciplinae</span> <span class='ocrx_word' id='word_1_27' title='bbox 646 711 813 773; x_wconf 90' lang='lat' dir='ltr'>rhetoricae</span> <span class='ocrx_word' id='word_1_28' title='bbox 826 712 848 793; x_wconf 89' lang='lat'>¹)</span> <span class='ocrx_word' id='word_1_29' title='bbox 885 715 916 774; x_wconf 89' lang='lat' dir='ltr'>et</span> <span class='ocrx_word' id='word_1_30' title='bbox 950 711 1117 774; x_wconf 88' lang='lat' dir='ltr'>admirator</span> <span class='ocrx_word' id='word_1_31' title='bbox 1152 709 1339 791; x_wconf 82' lang='lat' dir='ltr'>eloquentiae</span> 
     </span>
     <span class='ocr_line' id='line_1_5' title="bbox 125 813 1339 895; baseline 0 -18"><span class='ocrx_word' id='word_1_32' title='bbox 125 813 349 891; x_wconf 79' lang='lat' dir='ltr'>Ciceronianae,</span> <span class='ocrx_word' id='word_1_33' title='bbox 373 834 449 877; x_wconf 88' lang='lat' dir='ltr'>num</span> <span class='ocrx_word' id='word_1_34' title='bbox 472 815 642 879; x_wconf 88' lang='lat' dir='ltr'>dolectatus</span> <span class='ocrx_word' id='word_1_35' title='bbox 667 820 713 879; x_wconf 90' lang='lat' dir='ltr'>est</span> <span class='ocrx_word' id='word_1_36' title='bbox 729 817 863 880; x_wconf 89' lang='lat' dir='ltr'>oratioue</span> <span class='ocrx_word' id='word_1_37' title='bbox 887 816 982 892; x_wconf 90' lang='lat' dir='ltr'>arida,</span> <span class='ocrx_word' id='word_1_38' title='bbox 1006 817 1084 890; x_wconf 91' lang='lat' dir='ltr'>exili,</span> <span class='ocrx_word' id='word_1_39' title='bbox 1108 815 1264 895; x_wconf 81' lang='lat' dir='ltr'>exsangui,</span> <span class='ocrx_word' id='word_1_40' title='bbox 1289 815 1339 878; x_wconf 91' lang='lat' dir='ltr'>cui</span> 
     </span>
     <span class='ocr_line' id='line_1_6' title="bbox 125 921 1339 1003; baseline 0.002 -22"><span class='ocrx_word' id='word_1_41' title='bbox 125 939 224 1003; x_wconf 74' lang='lat' dir='ltr'>„uuus</span> <span class='ocrx_word' id='word_1_42' title='bbox 248 922 278 983; x_wconf 92' lang='lat' dir='ltr'>et</span> <span class='ocrx_word' id='word_1_43' title='bbox 302 922 379 984; x_wconf 91' lang='lat' dir='ltr'>alter</span> <span class='ocrx_word' id='word_1_44' title='bbox 402 922 539 984; x_wconf 88' lang='lat' dir='ltr'>assuitur</span> <span class='ocrx_word' id='word_1_45' title='bbox 561 921 701 1003; x_wconf 77' lang='lat' dir='ltr'>pannus“</span> <span class='ocrx_word' id='word_1_46' title='bbox 733 942 767 986; x_wconf 90' lang='lat' dir='ltr'>ex</span> <span class='ocrx_word' id='word_1_47' title='bbox 791 923 920 985; x_wconf 88' lang='lat' dir='ltr'>aliorum</span> <span class='ocrx_word' id='word_1_48' title='bbox 945 922 1132 986; x_wconf 89' lang='lat' dir='ltr'>carminibus</span> <span class='ocrx_word' id='word_1_49' title='bbox 1155 921 1339 1002; x_wconf 79' lang='lat' dir='ltr'>decerptus?</span> 
     </span>
     <span class='ocr_line' id='line_1_7' title="bbox 123 1024 1338 1108; baseline 0.002 -22"><span class='ocrx_word' id='word_1_50' title='bbox 123 1024 208 1089; x_wconf 90' lang='lat' dir='ltr'>Num</span> <span class='ocrx_word' id='word_1_51' title='bbox 238 1029 339 1089; x_wconf 89' lang='lat' dir='ltr'>aetate</span> <span class='ocrx_word' id='word_1_52' title='bbox 368 1026 494 1089; x_wconf 93' lang='lat' dir='ltr'>demum</span> <span class='ocrx_word' id='word_1_53' title='bbox 524 1028 691 1108; x_wconf 88' lang='lat' dir='ltr'>composita</span> <span class='ocrx_word' id='word_1_54' title='bbox 721 1031 752 1091; x_wconf 89' lang='lat' dir='ltr'>et</span> <span class='ocrx_word' id='word_1_55' title='bbox 774 1029 948 1102; x_wconf 82' lang='lat' dir='ltr'>moderata,</span> <span class='ocrx_word' id='word_1_56' title='bbox 981 1047 1019 1092; x_wconf 93' lang='lat' dir='ltr'>ne</span> <span class='ocrx_word' id='word_1_57' title='bbox 1047 1028 1147 1091; x_wconf 89' lang='lat' dir='ltr'>dicam</span> <span class='ocrx_word' id='word_1_58' title='bbox 1171 1029 1338 1101; x_wconf 80' lang='lat' dir='ltr'>senectute,</span> 
     </span>
     <span class='ocr_line' id='line_1_8' title="bbox 124 1131 1338 1216; baseline 0.002 -23"><span class='ocrx_word' id='word_1_59' title='bbox 124 1150 156 1194; x_wconf 90' lang='lat' dir='ltr'>se</span> <span class='ocrx_word' id='word_1_60' title='bbox 179 1132 310 1195; x_wconf 89' lang='lat' dir='ltr'>contulit</span> <span class='ocrx_word' id='word_1_61' title='bbox 338 1131 376 1194; x_wconf 93' lang='lat' dir='ltr'>ad</span> <span class='ocrx_word' id='word_1_62' title='bbox 400 1135 498 1196; x_wconf 90' lang='lat' dir='ltr'>artem</span> <span class='ocrx_word' id='word_1_63' title='bbox 526 1134 717 1196; x_wconf 80' lang='lat' dir='ltr'>oratoriam?</span> <span class='ocrx_word' id='word_1_64' title='bbox 763 1133 862 1196; x_wconf 93' lang='lat' dir='ltr'>lmmo</span> <span class='ocrx_word' id='word_1_65' title='bbox 885 1135 985 1216; x_wconf 91' lang='lat' dir='ltr'>potius</span> <span class='ocrx_word' id='word_1_66' title='bbox 1010 1134 1196 1197; x_wconf 89' lang='lat' dir='ltr'>contrarium</span> <span class='ocrx_word' id='word_1_67' title='bbox 1219 1133 1338 1196; x_wconf 88' lang='lat' dir='ltr'>evenire</span> 
     </span>
     <span class='ocr_line' id='line_1_9' title="bbox 123 1237 1338 1322; baseline 0.002 -24"><span class='ocrx_word' id='word_1_68' title='bbox 123 1237 215 1299; x_wconf 88' lang='lat' dir='ltr'>solet:</span> <span class='ocrx_word' id='word_1_69' title='bbox 250 1237 374 1301; x_wconf 90' lang='lat' dir='ltr'>iuvenes</span> <span class='ocrx_word' id='word_1_70' title='bbox 411 1239 638 1319; x_wconf 90' lang='lat' dir='ltr'>amplectuntur</span> <span class='ocrx_word' id='word_1_71' title='bbox 673 1258 845 1302; x_wconf 88' lang='lat' dir='ltr'>sermonem</span> <span class='ocrx_word' id='word_1_72' title='bbox 879 1241 1026 1322; x_wconf 81' lang='lat' dir='ltr'>pinguem</span> <span class='ocrx_word' id='word_1_73' title='bbox 1060 1242 1092 1303; x_wconf 91' lang='lat' dir='ltr'>et</span> <span class='ocrx_word' id='word_1_74' title='bbox 1120 1238 1276 1319; x_wconf 91' lang='lat' dir='ltr'>quandam</span> <span class='ocrx_word' id='word_1_75' title='bbox 1305 1237 1338 1300; x_wconf 89' lang='lat' dir='ltr'>in</span> 
     </span>
    </p>
   </div>
   <div class='ocr_carea' id='block_1_3' title="bbox 119 1342 1339 2480">
    <p class='ocr_par' dir='ltr' id='par_1_3' title="bbox 119 1342 1339 2480">
     <span class='ocr_line' id='line_1_10' title="bbox 123 1342 1339 1427; baseline 0.002 -23"><span class='ocrx_word' id='word_1_76' title='bbox 123 1342 250 1405; x_wconf 89' lang='lat' dir='ltr'>dicendo</span> <span class='ocrx_word' id='word_1_77' title='bbox 286 1344 418 1424; x_wconf 90' lang='lat' dir='ltr'>speciem</span> <span class='ocrx_word' id='word_1_78' title='bbox 453 1346 546 1425; x_wconf 89' lang='lat' dir='ltr'>atque</span> <span class='ocrx_word' id='word_1_79' title='bbox 580 1363 738 1426; x_wconf 73' lang='lat' dir='ltr'>pompam,</span> <span class='ocrx_word' id='word_1_80' title='bbox 773 1348 805 1407; x_wconf 92' lang='lat' dir='ltr'>at</span> <span class='ocrx_word' id='word_1_81' title='bbox 834 1345 888 1408; x_wconf 91' lang='lat' dir='ltr'>nbi</span> <span class='ocrx_word' id='word_1_82' title='bbox 916 1346 1050 1427; x_wconf 89' lang='lat' dir='ltr'>impetus</span> <span class='ocrx_word' id='word_1_83' title='bbox 1079 1344 1219 1408; x_wconf 83' lang='lat' dir='ltr'>iuvenilis</span> <span class='ocrx_word' id='word_1_84' title='bbox 1249 1343 1339 1426; x_wconf 88' lang='lat' dir='ltr'>pede·</span> 
     </span>
     <span class='ocr_line' id='line_1_11' title="bbox 122 1449 1336 1529; baseline 0.002 -19"><span class='ocrx_word' id='word_1_85' title='bbox 122 1449 265 1529; x_wconf 90' lang='lat' dir='ltr'>temptim</span> <span class='ocrx_word' id='word_1_86' title='bbox 294 1449 419 1529; x_wconf 88' lang='lat' dir='ltr'>languet</span> <span class='ocrx_word' id='word_1_87' title='bbox 451 1451 481 1512; x_wconf 91' lang='lat' dir='ltr'>et</span> <span class='ocrx_word' id='word_1_88' title='bbox 504 1450 652 1520; x_wconf 83' lang='lat' dir='ltr'>hebescit,</span> <span class='ocrx_word' id='word_1_89' title='bbox 684 1450 870 1513; x_wconf 88' lang='lat' dir='ltr'>delabuntur</span> <span class='ocrx_word' id='word_1_90' title='bbox 900 1451 939 1514; x_wconf 92' lang='lat' dir='ltr'>ad</span> <span class='ocrx_word' id='word_1_91' title='bbox 962 1451 1140 1515; x_wconf 90' lang='lat' dir='ltr'>ieiuniorem</span> <span class='ocrx_word' id='word_1_92' title='bbox 1164 1450 1336 1514; x_wconf 89' lang='lat' dir='ltr'>dictionem.</span> 
     </span>
     <span class='ocr_line' id='line_1_12' title="bbox 122 1552 1337 1631; baseline 0.002 -16"><span class='ocrx_word' id='word_1_93' title='bbox 122 1552 208 1631; x_wconf 79' lang='lat' dir='ltr'>Quod</span> <span class='ocrx_word' id='word_1_94' title='bbox 237 1573 309 1616; x_wconf 92' lang='lat' dir='ltr'>cum</span> <span class='ocrx_word' id='word_1_95' title='bbox 337 1555 381 1617; x_wconf 89' lang='lat' dir='ltr'>ita</span> <span class='ocrx_word' id='word_1_96' title='bbox 405 1554 459 1628; x_wconf 88' lang='lat' dir='ltr'>sit,</span> <span class='ocrx_word' id='word_1_97' title='bbox 488 1555 541 1618; x_wconf 91' lang='lat' dir='ltr'>illa</span> <span class='ocrx_word' id='word_1_98' title='bbox 565 1559 612 1619; x_wconf 89' lang='lat' dir='ltr'>cst</span> <span class='ocrx_word' id='word_1_99' title='bbox 633 1574 681 1618; x_wconf 87' lang='lat' dir='ltr'>res</span> <span class='ocrx_word' id='word_1_100' title='bbox 706 1555 836 1619; x_wconf 85' lang='lat' dir='ltr'>difficilis</span> <span class='ocrx_word' id='word_1_101' title='bbox 860 1557 899 1619; x_wconf 93' lang='lat' dir='ltr'>ad</span> <span class='ocrx_word' id='word_1_102' title='bbox 923 1556 1117 1620; x_wconf 91' lang='lat' dir='ltr'>credendum.</span> <span class='ocrx_word' id='word_1_103' title='bbox 1143 1592 1185 1602; x_wconf 99' lang='lat'><strong>—</strong></span> <span class='ocrx_word' id='word_1_104' title='bbox 1210 1555 1337 1619; x_wconf 92' lang='lat' dir='ltr'>Utinam</span> 
     </span>
     <span class='ocr_line' id='line_1_13' title="bbox 120 1659 1333 1743; baseline 0.002 -22"><span class='ocrx_word' id='word_1_105' title='bbox 120 1677 244 1722; x_wconf 89' lang='lat' dir='ltr'>carmen</span> <span class='ocrx_word' id='word_1_106' title='bbox 260 1659 337 1722; x_wconf 88' lang='lat' dir='ltr'>illud</span> <span class='ocrx_word' id='word_1_107' title='bbox 354 1659 497 1742; x_wconf 68' lang='lat' dir='ltr'>Lucanil)</span> <span class='ocrx_word' id='word_1_108' title='bbox 515 1659 552 1723; x_wconf 91' lang='lat' dir='ltr'>de</span> <span class='ocrx_word' id='word_1_109' title='bbox 568 1660 645 1724; x_wconf 87' lang='lat' dir='ltr'>bello</span> <span class='ocrx_word' id='word_1_110' title='bbox 661 1661 789 1724; x_wconf 87' lang='lat' dir='ltr'>Troiano</span> <span class='ocrx_word' id='word_1_111' title='bbox 805 1662 950 1725; x_wconf 87' lang='lat' dir='ltr'>iniuriam</span> <span class='ocrx_word' id='word_1_112' title='bbox 971 1665 1145 1743; x_wconf 91' lang='lat' dir='ltr'>temporum</span> <span class='ocrx_word' id='word_1_113' title='bbox 1168 1660 1333 1740; x_wconf 88' lang='lat' dir='ltr'>effugisset,</span> 
     </span>
     <span class='ocr_line' id='line_1_14' title="bbox 120 1764 1337 1846; baseline 0.003 -21"><span class='ocrx_word' id='word_1_114' title='bbox 120 1767 156 1825; x_wconf 90' lang='lat' dir='ltr'>ut</span> <span class='ocrx_word' id='word_1_115' title='bbox 178 1782 251 1828; x_wconf 89' lang='lat' dir='ltr'>cum</span> <span class='ocrx_word' id='word_1_116' title='bbox 274 1764 371 1828; x_wconf 90' lang='lat' dir='ltr'>Iliade</span> <span class='ocrx_word' id='word_1_117' title='bbox 387 1765 528 1846; x_wconf 91' lang='lat' dir='ltr'>componi</span> <span class='ocrx_word' id='word_1_118' title='bbox 543 1768 660 1846; x_wconf 90' lang='lat' dir='ltr'>posset!</span> <span class='ocrx_word' id='word_1_119' title='bbox 701 1764 789 1830; x_wconf 87' lang='lat' dir='ltr'>Certe</span> <span class='ocrx_word' id='word_1_120' title='bbox 806 1767 880 1829; x_wconf 93' lang='lat' dir='ltr'>nihil</span> <span class='ocrx_word' id='word_1_121' title='bbox 897 1767 981 1830; x_wconf 90' lang='lat' dir='ltr'>aliud</span> <span class='ocrx_word' id='word_1_122' title='bbox 996 1767 1055 1831; x_wconf 90' lang='lat' dir='ltr'>fuit</span> <span class='ocrx_word' id='word_1_123' title='bbox 1070 1767 1130 1830; x_wconf 93' lang='lat' dir='ltr'>nisi</span> <span class='ocrx_word' id='word_1_124' title='bbox 1145 1766 1337 1831; x_wconf 90' lang='lat' dir='ltr'>declamatio.</span> 
     </span>
     <span class='ocr_line' id='line_1_15' title="bbox 122 1868 1338 1954; baseline 0.002 -21"><span class='ocrx_word' id='word_1_125' title='bbox 122 1868 183 1933; x_wconf 85' lang='lat' dir='ltr'>Sed</span> <span class='ocrx_word' id='word_1_126' title='bbox 205 1869 309 1933; x_wconf 86' lang='lat' dir='ltr'>videas</span> <span class='ocrx_word' id='word_1_127' title='bbox 334 1869 479 1946; x_wconf 88' lang='lat' dir='ltr'>Statium,</span> <span class='ocrx_word' id='word_1_128' title='bbox 503 1871 555 1952; x_wconf 91' lang='lat' dir='ltr'>qui</span> <span class='ocrx_word' id='word_1_129' title='bbox 577 1870 764 1935; x_wconf 84' lang='lat' dir='ltr'>Thebaidem</span> <span class='ocrx_word' id='word_1_130' title='bbox 788 1873 929 1936; x_wconf 91' lang='lat' dir='ltr'>omnibus</span> <span class='ocrx_word' id='word_1_131' title='bbox 953 1873 1124 1937; x_wconf 90' lang='lat' dir='ltr'>luminibus</span> <span class='ocrx_word' id='word_1_132' title='bbox 1141 1876 1233 1954; x_wconf 89' lang='lat' dir='ltr'>atque</span> <span class='ocrx_word' id='word_1_133' title='bbox 1249 1891 1338 1936; x_wconf 88' lang='lat' dir='ltr'>orna-</span> 
     </span>
     <span class='ocr_line' id='line_1_16' title="bbox 120 1975 1336 2059; baseline 0.002 -21"><span class='ocrx_word' id='word_1_134' title='bbox 120 1975 233 2038; x_wconf 87' lang='lat' dir='ltr'>mentis</span> <span class='ocrx_word' id='word_1_135' title='bbox 263 1975 425 2039; x_wconf 91' lang='lat' dir='ltr'>verborum</span> <span class='ocrx_word' id='word_1_136' title='bbox 455 1977 628 2052; x_wconf 79' lang='lat' dir='ltr'>exornavit,</span> <span class='ocrx_word' id='word_1_137' title='bbox 657 1977 688 2039; x_wconf 94' lang='lat' dir='ltr'>in</span> <span class='ocrx_word' id='word_1_138' title='bbox 713 1977 877 2041; x_wconf 84' lang='lat' dir='ltr'>Achilleide</span> <span class='ocrx_word' id='word_1_139' title='bbox 906 1982 1012 2042; x_wconf 89' lang='lat' dir='ltr'>autom</span> <span class='ocrx_word' id='word_1_140' title='bbox 1035 1979 1075 2041; x_wconf 94' lang='lat' dir='ltr'>ad</span> <span class='ocrx_word' id='word_1_141' title='bbox 1097 1997 1194 2059; x_wconf 93' lang='lat' dir='ltr'>genus</span> <span class='ocrx_word' id='word_1_142' title='bbox 1217 1978 1336 2042; x_wconf 91' lang='lat' dir='ltr'>dicendi</span> 
     </span>
     <span class='ocr_line' id='line_1_17' title="bbox 121 2081 1336 2166; baseline 0.002 -22"><span class='ocrx_word' id='word_1_143' title='bbox 121 2082 277 2162; x_wconf 90' lang='lat' dir='ltr'>aliquanto</span> <span class='ocrx_word' id='word_1_144' title='bbox 301 2081 438 2146; x_wconf 89' lang='lat' dir='ltr'>sedatius</span> <span class='ocrx_word' id='word_1_145' title='bbox 466 2082 633 2146; x_wconf 89' lang='lat' dir='ltr'>descendit.</span> <span class='ocrx_word' id='word_1_146' title='bbox 679 2082 763 2147; x_wconf 87' lang='lat' dir='ltr'>Licet</span> <span class='ocrx_word' id='word_1_147' title='bbox 791 2087 895 2148; x_wconf 87' lang='lat' dir='ltr'>autem</span> <span class='ocrx_word' id='word_1_148' title='bbox 926 2083 1020 2148; x_wconf 90' lang='lat' dir='ltr'>Silius</span> <span class='ocrx_word' id='word_1_149' title='bbox 1044 2102 1216 2166; x_wconf 91' lang='lat' dir='ltr'>numquam</span> <span class='ocrx_word' id='word_1_150' title='bbox 1241 2083 1336 2146; x_wconf 90' lang='lat' dir='ltr'>—id</span> 
     </span>
     <span class='ocr_line' id='line_1_18' title="bbox 121 2186 1335 2267; baseline 0.002 -17"><span class='ocrx_word' id='word_1_151' title='bbox 121 2186 200 2267; x_wconf 92' lang='lat' dir='ltr'>quod</span> <span class='ocrx_word' id='word_1_152' title='bbox 226 2187 310 2251; x_wconf 90' lang='lat' dir='ltr'>laudi</span> <span class='ocrx_word' id='word_1_153' title='bbox 338 2189 366 2251; x_wconf 92' lang='lat' dir='ltr'>ei</span> <span class='ocrx_word' id='word_1_154' title='bbox 389 2187 569 2251; x_wconf 88' lang='lat' dir='ltr'>vertendum</span> <span class='ocrx_word' id='word_1_155' title='bbox 593 2192 641 2252; x_wconf 89' lang='lat' dir='ltr'>est</span> <span class='ocrx_word' id='word_1_156' title='bbox 664 2223 703 2233; x_wconf 77' lang='lat'><em>—</em></span> <span class='ocrx_word' id='word_1_157' title='bbox 728 2191 835 2252; x_wconf 90' lang='lat' dir='ltr'>tantus</span> <span class='ocrx_word' id='word_1_158' title='bbox 863 2189 971 2253; x_wconf 85' lang='lat' dir='ltr'>artifex</span> <span class='ocrx_word' id='word_1_159' title='bbox 994 2189 1115 2254; x_wconf 92' lang='lat' dir='ltr'>dicendi</span> <span class='ocrx_word' id='word_1_160' title='bbox 1137 2188 1241 2263; x_wconf 84' lang='lat' dir='ltr'>fuerit,</span> <span class='ocrx_word' id='word_1_161' title='bbox 1271 2188 1335 2252; x_wconf 92' lang='lat' dir='ltr'>sine</span> 
     </span>
     <span class='ocr_line' id='line_1_19' title="bbox 119 2292 1336 2376; baseline 0.001 -21"><span class='ocrx_word' id='word_1_162' title='bbox 119 2292 211 2355; x_wconf 93' lang='lat' dir='ltr'>dubio</span> <span class='ocrx_word' id='word_1_163' title='bbox 240 2293 323 2356; x_wconf 91' lang='lat' dir='ltr'>nullo</span> <span class='ocrx_word' id='word_1_164' title='bbox 353 2296 489 2376; x_wconf 88' lang='lat' dir='ltr'>tempore</span> <span class='ocrx_word' id='word_1_165' title='bbox 517 2294 659 2358; x_wconf 90' lang='lat' dir='ltr'>omnibus</span> <span class='ocrx_word' id='word_1_166' title='bbox 689 2295 834 2358; x_wconf 89' lang='lat' dir='ltr'>orationis</span> <span class='ocrx_word' id='word_1_167' title='bbox 864 2294 1025 2359; x_wconf 91' lang='lat' dir='ltr'>munditiis</span> <span class='ocrx_word' id='word_1_168' title='bbox 1048 2298 1114 2358; x_wconf 92' lang='lat' dir='ltr'>tam</span> <span class='ocrx_word' id='word_1_169' title='bbox 1136 2312 1253 2358; x_wconf 79' lang='lat' dir='ltr'>vacuus</span> <span class='ocrx_word' id='word_1_170' title='bbox 1277 2293 1336 2357; x_wconf 88' lang='lat' dir='ltr'>fuit</span> 
     </span>
     <span class='ocr_line' id='line_1_20' title="bbox 120 2397 502 2480; baseline 0.005 -20"><span class='ocrx_word' id='word_1_171' title='bbox 120 2416 215 2478; x_wconf 92' lang='lat' dir='ltr'>quam</span> <span class='ocrx_word' id='word_1_172' title='bbox 238 2397 343 2462; x_wconf 89' lang='lat' dir='ltr'>Iliadis</span> <span class='ocrx_word' id='word_1_173' title='bbox 367 2399 502 2480; x_wconf 87' lang='lat' dir='ltr'>scriptor.</span> 
     </span>
    </p>
   </div>
   <div class='ocr_carea' id='block_1_4' title="bbox 623 2526 833 2534">
    <p class='ocr_par' dir='ltr' id='par_1_4' title="bbox 623 2526 833 2534">
     <span class='ocr_line' id='line_1_21' title="bbox 623 2526 833 2534; baseline 0.005 -1"><span class='ocrx_word' id='word_1_174' title='bbox 623 2526 833 2534; x_wconf 72' lang='lat'><em>——--.--</em></span> 
     </span>
    </p>
   </div>
   <div class='ocr_carea' id='block_1_5' title="bbox 119 2679 1335 3081">
    <p class='ocr_par' dir='ltr' id='par_1_5' title="bbox 119 2679 1335 3081">
     <span class='ocr_line' id='line_1_22' title="bbox 208 2679 1335 2763; baseline 0.002 -21"><span class='ocrx_word' id='word_1_175' title='bbox 208 2679 394 2760; x_wconf 89' lang='lat' dir='ltr'>Priusquam</span> <span class='ocrx_word' id='word_1_176' title='bbox 423 2680 660 2763; x_wconf 88' lang='lat' dir='ltr'>disputationem</span> <span class='ocrx_word' id='word_1_177' title='bbox 692 2682 730 2746; x_wconf 91' lang='lat' dir='ltr'>ad</span> <span class='ocrx_word' id='word_1_178' title='bbox 759 2682 874 2746; x_wconf 90' lang='lat' dir='ltr'>exitum</span> <span class='ocrx_word' id='word_1_179' title='bbox 903 2682 1109 2756; x_wconf 86' lang='lat' dir='ltr'>adducamus,</span> <span class='ocrx_word' id='word_1_180' title='bbox 1140 2682 1230 2746; x_wconf 89' lang='lat' dir='ltr'>liceat</span> <span class='ocrx_word' id='word_1_181' title='bbox 1258 2681 1335 2745; x_wconf 94' lang='lat' dir='ltr'>mihi</span> 
     </span>
     <span class='ocr_line' id='line_1_23' title="bbox 120 2786 1334 2870; baseline 0.002 -22"><span class='ocrx_word' id='word_1_182' title='bbox 120 2786 270 2849; x_wconf 90' lang='lat' dir='ltr'>nonnulla</span> <span class='ocrx_word' id='word_1_183' title='bbox 286 2789 469 2866; x_wconf 88' lang='lat' dir='ltr'>argumenta</span> <span class='ocrx_word' id='word_1_184' title='bbox 485 2786 629 2862; x_wconf 82' lang='lat' dir='ltr'>refellere,</span> <span class='ocrx_word' id='word_1_185' title='bbox 653 2806 731 2868; x_wconf 91' lang='lat' dir='ltr'>quae</span> <span class='ocrx_word' id='word_1_186' title='bbox 747 2787 930 2868; x_wconf 87' lang='lat' dir='ltr'>Doeringius</span> <span class='ocrx_word' id='word_1_187' title='bbox 945 2788 1110 2868; x_wconf 84' lang='lat' dir='ltr'>indagavit.</span> <span class='ocrx_word' id='word_1_188' title='bbox 1139 2790 1184 2852; x_wconf 82' lang='lat' dir='ltr'>Ac</span> <span class='ocrx_word' id='word_1_189' title='bbox 1199 2788 1334 2870; x_wconf 90' lang='lat' dir='ltr'>primum</span> 
     </span>
     <span class='ocr_line' id='line_1_24' title="bbox 119 2891 1335 2976; baseline 0.002 -22"><span class='ocrx_word' id='word_1_190' title='bbox 119 2891 222 2954; x_wconf 88' lang='lat' dir='ltr'>dicam</span> <span class='ocrx_word' id='word_1_191' title='bbox 251 2892 288 2955; x_wconf 91' lang='lat' dir='ltr'>de</span> <span class='ocrx_word' id='word_1_192' title='bbox 317 2892 611 2973; x_wconf 59' lang='lat' dir='ltr'>comparationibus</span> <span class='ocrx_word' id='word_1_193' title='bbox 643 2912 773 2974; x_wconf 90' lang='lat' dir='ltr'>quorum</span> <span class='ocrx_word' id='word_1_194' title='bbox 802 2893 839 2957; x_wconf 93' lang='lat' dir='ltr'>de</span> <span class='ocrx_word' id='word_1_195' title='bbox 862 2911 922 2957; x_wconf 91' lang='lat' dir='ltr'>usu</span> <span class='ocrx_word' id='word_1_196' title='bbox 947 2892 1061 2957; x_wconf 89' lang='lat' dir='ltr'>Siliano</span> <span class='ocrx_word' id='word_1_197' title='bbox 1084 2893 1220 2976; x_wconf 90' lang='lat' dir='ltr'>primum</span> <span class='ocrx_word' id='word_1_198' title='bbox 1242 2893 1335 2974; x_wconf 89' lang='lat' dir='ltr'>idque</span> 
     </span>
     <span class='ocr_line' id='line_1_25' title="bbox 120 2995 1335 3081; baseline 0.002 -21"><span class='ocrx_word' id='word_1_199' title='bbox 120 2997 196 3060; x_wconf 90' lang='lat' dir='ltr'>satis</span> <span class='ocrx_word' id='word_1_200' title='bbox 218 2997 368 3061; x_wconf 89' lang='lat' dir='ltr'>incuriose</span> <span class='ocrx_word' id='word_1_201' title='bbox 399 2997 463 3078; x_wconf 88' lang='lat' dir='ltr'>egit</span> <span class='ocrx_word' id='word_1_202' title='bbox 486 2995 594 3064; x_wconf 83' lang='lat' dir='ltr'>Guilel.</span> <span class='ocrx_word' id='word_1_203' title='bbox 621 2998 826 3081; x_wconf 77' lang='lat' dir='ltr'>Barohfeld,³)</span> <span class='ocrx_word' id='word_1_204' title='bbox 855 2999 943 3062; x_wconf 91' lang='lat' dir='ltr'>cuius</span> <span class='ocrx_word' id='word_1_205' title='bbox 966 2999 999 3061; x_wconf 91' lang='lat' dir='ltr'>in</span> <span class='ocrx_word' id='word_1_206' title='bbox 1021 2999 1233 3063; x_wconf 87' lang='lat' dir='ltr'>dissertatione</span> <span class='ocrx_word' id='word_1_207' title='bbox 1256 3017 1335 3080; x_wconf 89' lang='lat' dir='ltr'>quae</span> 
     </span>
    </p>
   </div>
   <div class='ocr_carea' id='block_1_6' title="bbox 123 3175 439 3183">
    <p class='ocr_par' dir='ltr' id='par_1_6' title="bbox 123 3175 439 3183">
     <span class='ocr_line' id='line_1_26' title="bbox 123 3175 439 3183; baseline 0.003 -1"><span class='ocrx_word' id='word_1_208' title='bbox 123 3175 439 3183; x_wconf 36' lang='grc' dir='ltr'>...ἡὴ-Μ..-</span> 
     </span>
    </p>
   </div>
   <div class='ocr_carea' id='block_1_7' title="bbox 119 3277 1335 4051">
    <p class='ocr_par' dir='ltr' id='par_1_7' title="bbox 119 3277 1335 4051">
     <span class='ocr_line' id='line_1_27' title="bbox 211 3277 1334 3348; baseline 0.003 -19"><span class='ocrx_word' id='word_1_209' title='bbox 211 3278 230 3344; x_wconf 85' lang='lat'>¹)</span> <span class='ocrx_word' id='word_1_210' title='bbox 248 3277 317 3331; x_wconf 86' lang='lat' dir='ltr'>Vere</span> <span class='ocrx_word' id='word_1_211' title='bbox 342 3279 498 3348; x_wconf 80' lang='lat' dir='ltr'>Doeringius</span> <span class='ocrx_word' id='word_1_212' title='bbox 522 3279 617 3348; x_wconf 86' lang='lat' dir='ltr'>(progr.</span> <span class='ocrx_word' id='word_1_213' title='bbox 643 3295 701 3346; x_wconf 87' lang='lat' dir='ltr'>pag.</span> <span class='ocrx_word' id='word_1_214' title='bbox 726 3278 770 3347; x_wconf 80' lang='lat'>38)</span> <span class='ocrx_word' id='word_1_215' title='bbox 789 3279 903 3333; x_wconf 85' lang='lat' dir='ltr'>affirmat</span> <span class='ocrx_word' id='word_1_216' title='bbox 929 3279 1056 3334; x_wconf 90' lang='lat' dir='ltr'>nonnulla</span> <span class='ocrx_word' id='word_1_217' title='bbox 1084 3277 1214 3332; x_wconf 79' lang='lat' dir='ltr'>vocabula</span> <span class='ocrx_word' id='word_1_218' title='bbox 1243 3277 1334 3332; x_wconf 88' lang='lat' dir='ltr'>Iliadis</span> 
     </span>
     <span class='ocr_line' id='line_1_28' title="bbox 119 3365 1335 3436; baseline 0 -18"><span class='ocrx_word' id='word_1_219' title='bbox 119 3365 235 3419; x_wconf 88' lang='lat' dir='ltr'>redolere</span> <span class='ocrx_word' id='word_1_220' title='bbox 256 3382 403 3420; x_wconf 89' lang='lat' dir='ltr'>sermonem</span> <span class='ocrx_word' id='word_1_221' title='bbox 422 3367 568 3436; x_wconf 80' lang='lat' dir='ltr'>vulgarem.</span> <span class='ocrx_word' id='word_1_222' title='bbox 604 3366 645 3420; x_wconf 83' lang='lat' dir='ltr'>Ibi</span> <span class='ocrx_word' id='word_1_223' title='bbox 664 3369 752 3419; x_wconf 90' lang='lat' dir='ltr'>antem</span> <span class='ocrx_word' id='word_1_224' title='bbox 771 3384 829 3436; x_wconf 85' lang='lat' dir='ltr'>pag.</span> <span class='ocrx_word' id='word_1_225' title='bbox 849 3371 873 3422; x_wconf 85' lang='lat' dir='ltr'>b&#39;.</span> <span class='ocrx_word' id='word_1_226' title='bbox 892 3370 1031 3435; x_wconf 84' lang='lat' dir='ltr'>postquam</span> <span class='ocrx_word' id='word_1_227' title='bbox 1053 3366 1142 3420; x_wconf 89' lang='lat' dir='ltr'>attulit</span> <span class='ocrx_word' id='word_1_228' title='bbox 1159 3366 1241 3419; x_wconf 90' lang='lat' dir='ltr'>verba</span> <span class='ocrx_word' id='word_1_229' title='bbox 1258 3366 1335 3420; x_wconf 83' lang='lat' dir='ltr'>Statii</span> 
     </span>
     <span class='ocr_line' id='line_1_29' title="bbox 119 3453 1333 3524; baseline -0.001 -17"><span class='ocrx_word' id='word_1_230' title='bbox 119 3453 193 3522; x_wconf 75' lang='lat' dir='ltr'>(silv.</span> <span class='ocrx_word' id='word_1_231' title='bbox 211 3454 247 3508; x_wconf 88' lang='grc' dir='ltr'>ΙΙ.</span> <span class='ocrx_word' id='word_1_232' title='bbox 267 3456 291 3508; x_wconf 84' lang='lat'>7.</span> <span class='ocrx_word' id='word_1_233' title='bbox 311 3455 352 3509; x_wconf 83' lang='grc'>54.</span> <span class='ocrx_word' id='word_1_234' title='bbox 367 3455 443 3522; x_wconf 71' lang='lat' dir='ltr'>sqq),</span> <span class='ocrx_word' id='word_1_235' title='bbox 469 3455 516 3522; x_wconf 90' lang='lat' dir='ltr'>qui</span> <span class='ocrx_word' id='word_1_236' title='bbox 534 3454 672 3508; x_wconf 90' lang='lat' dir='ltr'>Lucanum</span> <span class='ocrx_word' id='word_1_237' title='bbox 697 3471 801 3524; x_wconf 90' lang='lat' dir='ltr'>quoquo</span> <span class='ocrx_word' id='word_1_238' title='bbox 826 3455 1055 3510; x_wconf 86' lang='lat' dir='ltr'>adulescentulum</span> <span class='ocrx_word' id='word_1_239' title='bbox 1074 3454 1175 3507; x_wconf 90' lang='lat' dir='ltr'>bollum</span> <span class='ocrx_word' id='word_1_240' title='bbox 1193 3454 1333 3507; x_wconf 80' lang='lat' dir='ltr'>Troianum</span> 
     </span>
     <span class='ocr_line' id='line_1_30' title="bbox 120 3541 1335 3612; baseline 0.002 -19"><span class='ocrx_word' id='word_1_241' title='bbox 120 3542 241 3594; x_wconf 80' lang='lat' dir='ltr'>versibus</span> <span class='ocrx_word' id='word_1_242' title='bbox 259 3544 427 3610; x_wconf 86' lang='lat' dir='ltr'>persecutum</span> <span class='ocrx_word' id='word_1_243' title='bbox 453 3557 510 3595; x_wconf 86' lang='lat' dir='ltr'>osso</span> <span class='ocrx_word' id='word_1_244' title='bbox 528 3543 616 3611; x_wconf 82' lang='lat' dir='ltr'>tradit,</span> <span class='ocrx_word' id='word_1_245' title='bbox 635 3543 720 3612; x_wconf 91' lang='lat' dir='ltr'>porgit</span> <span class='ocrx_word' id='word_1_246' title='bbox 738 3545 789 3599; x_wconf 87' lang='lat' dir='ltr'>sic:</span> <span class='ocrx_word' id='word_1_247' title='bbox 821 3544 916 3608; x_wconf 79' lang='lat' dir='ltr'>„Wdro</span> <span class='ocrx_word' id='word_1_248' title='bbox 935 3559 963 3595; x_wconf 88' lang='lat' dir='ltr'>os</span> <span class='ocrx_word' id='word_1_249' title='bbox 982 3543 1056 3595; x_wconf 92' lang='lat' dir='ltr'>nicht</span> <span class='ocrx_word' id='word_1_250' title='bbox 1074 3542 1197 3611; x_wconf 87' lang='lat' dir='ltr'>m&#39;dglich‚</span> <span class='ocrx_word' id='word_1_251' title='bbox 1216 3541 1281 3609; x_wconf 84' lang='lat' dir='ltr'>dals,</span> <span class='ocrx_word' id='word_1_252' title='bbox 1300 3542 1335 3595; x_wconf 89' lang='lat' dir='ltr'>da</span> 
     </span>
     <span class='ocr_line' id='line_1_31' title="bbox 121 3629 1333 3685; baseline 0 -3"><span class='ocrx_word' id='word_1_253' title='bbox 121 3630 195 3682; x_wconf 87' lang='lat' dir='ltr'>boida</span> <span class='ocrx_word' id='word_1_254' title='bbox 214 3630 323 3682; x_wconf 88' lang='lat' dir='ltr'>Dichter</span> <span class='ocrx_word' id='word_1_255' title='bbox 343 3631 401 3682; x_wconf 90' lang='lat' dir='ltr'>dem</span> <span class='ocrx_word' id='word_1_256' title='bbox 423 3629 522 3682; x_wconf 86' lang='lat' dir='ltr'>Rhator</span> <span class='ocrx_word' id='word_1_257' title='bbox 535 3629 666 3685; x_wconf 81' lang='lat' dir='ltr'>Cornutus</span> <span class='ocrx_word' id='word_1_258' title='bbox 684 3633 752 3685; x_wconf 86' lang='lat' dir='ltr'>uaho</span> <span class='ocrx_word' id='word_1_259' title='bbox 771 3632 881 3685; x_wconf 86' lang='lat' dir='ltr'>standon</span> <span class='ocrx_word' id='word_1_260' title='bbox 900 3631 955 3683; x_wconf 93' lang='lat' dir='ltr'>und</span> <span class='ocrx_word' id='word_1_261' title='bbox 974 3647 1044 3684; x_wconf 82' lang='lat' dir='ltr'>zuar</span> <span class='ocrx_word' id='word_1_262' title='bbox 1056 3629 1147 3683; x_wconf 90' lang='lat' dir='ltr'>Lucan</span> <span class='ocrx_word' id='word_1_263' title='bbox 1165 3631 1333 3683; x_wconf 85' lang='lat' dir='ltr'>erwiesoner-</span> 
     </span>
     <span class='ocr_line' id='line_1_32' title="bbox 121 3717 1333 3788; baseline 0.002 -19"><span class='ocrx_word' id='word_1_264' title='bbox 121 3733 227 3770; x_wconf 86' lang='lat' dir='ltr'>massen</span> <span class='ocrx_word' id='word_1_265' title='bbox 246 3717 285 3771; x_wconf 89' lang='lat' dir='ltr'>als</span> <span class='ocrx_word' id='word_1_266' title='bbox 304 3719 361 3770; x_wconf 90' lang='lat' dir='ltr'>sein</span> <span class='ocrx_word' id='word_1_267' title='bbox 379 3717 498 3786; x_wconf 83' lang='lat' dir='ltr'>Schiiler,</span> <span class='ocrx_word' id='word_1_268' title='bbox 523 3720 571 3772; x_wconf 88' lang='lat' dir='ltr'>auf</span> <span class='ocrx_word' id='word_1_269' title='bbox 588 3719 681 3773; x_wconf 85' lang='lat' dir='ltr'>dassen</span> <span class='ocrx_word' id='word_1_270' title='bbox 701 3722 843 3788; x_wconf 83' lang='lat' dir='ltr'>Anncgung</span> <span class='ocrx_word' id='word_1_271' title='bbox 861 3719 936 3771; x_wconf 89' lang='lat' dir='ltr'>beide</span> <span class='ocrx_word' id='word_1_272' title='bbox 955 3719 1061 3786; x_wconf 87' lang='lat' dir='ltr'>Werke,</span> <span class='ocrx_word' id='word_1_273' title='bbox 1087 3719 1129 3771; x_wconf 88' lang='lat' dir='ltr'>die</span> <span class='ocrx_word' id='word_1_274' title='bbox 1146 3719 1196 3771; x_wconf 86' lang='lat' dir='ltr'>wir</span> <span class='ocrx_word' id='word_1_275' title='bbox 1213 3718 1252 3772; x_wconf 88' lang='lat' dir='ltr'>als</span> <span class='ocrx_word' id='word_1_276' title='bbox 1271 3718 1333 3773; x_wconf 84' lang='lat' dir='ltr'>Stil-</span> 
     </span>
     <span class='ocr_line' id='line_1_33' title="bbox 119 3805 1332 3876; baseline 0.002 -18"><span class='ocrx_word' id='word_1_277' title='bbox 119 3806 244 3874; x_wconf 78' lang='lat' dir='ltr'>iibungon</span> <span class='ocrx_word' id='word_1_278' title='bbox 268 3807 401 3859; x_wconf 86' lang='lat' dir='ltr'>auffassen</span> <span class='ocrx_word' id='word_1_279' title='bbox 426 3807 526 3875; x_wconf 79' lang='lat' dir='ltr'>diidcn,</span> <span class='ocrx_word' id='word_1_280' title='bbox 552 3808 707 3860; x_wconf 87' lang='lat' dir='ltr'>entstauden</span> <span class='ocrx_word' id='word_1_281' title='bbox 731 3808 824 3859; x_wconf 72' lang='lat' dir='ltr'>sind?“</span> <span class='ocrx_word' id='word_1_282' title='bbox 846 3838 879 3844; x_wconf 91' lang='lat'>—</span> <span class='ocrx_word' id='word_1_283' title='bbox 900 3805 993 3873; x_wconf 81' lang='lat' dir='ltr'>Quam,</span> <span class='ocrx_word' id='word_1_284' title='bbox 1019 3823 1089 3876; x_wconf 85' lang='lat' dir='ltr'>rogo,</span> <span class='ocrx_word' id='word_1_285' title='bbox 1108 3807 1221 3875; x_wconf 87' lang='lat' dir='ltr'>speciem</span> <span class='ocrx_word' id='word_1_286' title='bbox 1240 3807 1332 3875; x_wconf 90' lang='lat' dir='ltr'>proba-</span> 
     </span>
     <span class='ocr_line' id='line_1_34' title="bbox 119 3893 1332 3963; baseline 0 -17"><span class='ocrx_word' id='word_1_287' title='bbox 119 3894 227 3947; x_wconf 83' lang='lat' dir='ltr'>bilitatis</span> <span class='ocrx_word' id='word_1_288' title='bbox 254 3893 334 3946; x_wconf 90' lang='lat' dir='ltr'>habet</span> <span class='ocrx_word' id='word_1_289' title='bbox 359 3910 435 3962; x_wconf 85' lang='lat' dir='ltr'>eum,</span> <span class='ocrx_word' id='word_1_290' title='bbox 464 3895 509 3963; x_wconf 89' lang='lat' dir='ltr'>qui</span> <span class='ocrx_word' id='word_1_291' title='bbox 536 3895 672 3948; x_wconf 87' lang='lat' dir='ltr'>rhetorum</span> <span class='ocrx_word' id='word_1_292' title='bbox 700 3894 845 3962; x_wconf 85' lang='lat' dir='ltr'>praeceptis</span> <span class='ocrx_word' id='word_1_293' title='bbox 875 3895 995 3947; x_wconf 87' lang='lat' dir='ltr'>eruditus</span> <span class='ocrx_word' id='word_1_294' title='bbox 1024 3897 1104 3962; x_wconf 89' lang='lat' dir='ltr'>atque</span> <span class='ocrx_word' id='word_1_295' title='bbox 1135 3895 1257 3948; x_wconf 88' lang='lat' dir='ltr'>excultus</span> <span class='ocrx_word' id='word_1_296' title='bbox 1285 3896 1332 3962; x_wconf 92' lang='lat' dir='ltr'>est,</span> 
     </span>
     <span class='ocr_line' id='line_1_35' title="bbox 120 3981 1169 4051; baseline 0 -17"><span class='ocrx_word' id='word_1_297' title='bbox 120 3982 245 4050; x_wconf 88' lang='lat' dir='ltr'>magistro</span> <span class='ocrx_word' id='word_1_298' title='bbox 265 3983 373 4035; x_wconf 89' lang='lat' dir='ltr'>custode</span> <span class='ocrx_word' id='word_1_299' title='bbox 392 3983 473 4035; x_wconf 83' lang='lat' dir='ltr'>verba</span> <span class='ocrx_word' id='word_1_300' title='bbox 490 3982 610 4051; x_wconf 83' lang='lat' dir='ltr'>vulgaria</span> <span class='ocrx_word' id='word_1_301' title='bbox 629 3984 655 4034; x_wconf 91' lang='lat' dir='ltr'>et</span> <span class='ocrx_word' id='word_1_302' title='bbox 674 3981 804 4035; x_wconf 87' lang='lat' dir='ltr'>cotidiana</span> <span class='ocrx_word' id='word_1_303' title='bbox 822 3983 931 4035; x_wconf 89' lang='lat' dir='ltr'>orationi</span> <span class='ocrx_word' id='word_1_304' title='bbox 950 3982 1116 4036; x_wconf 79' lang='lat' dir='ltr'>intexuisso?</span> <span class='ocrx_word' id='word_1_305' title='bbox 1135 4014 1169 4020; x_wconf 94' lang='lat'>--</span> 
     </span>
    </p>
   </div>
   <div class='ocr_carea' id='block_1_8' title="bbox 207 4088 1331 4263">
    <p class='ocr_par' dir='ltr' id='par_1_8' title="bbox 207 4088 1331 4263">
     <span class='ocr_line' id='line_1_36' title="bbox 208 4088 464 4155; baseline 0.008 -16"><span class='ocrx_word' id='word_1_306' title='bbox 208 4089 228 4155; x_wconf 63' lang='grc'>2)</span> <span class='ocrx_word' id='word_1_307' title='bbox 248 4088 315 4140; x_wconf 85' lang='lat' dir='ltr'>Vide</span> <span class='ocrx_word' id='word_1_308' title='bbox 334 4091 421 4141; x_wconf 86' lang='lat' dir='ltr'>annot.</span> <span class='ocrx_word' id='word_1_309' title='bbox 442 4090 464 4142; x_wconf 87' lang='lat'>1.</span> 
     </span>
     <span class='ocr_line' id='line_1_37' title="bbox 207 4191 1331 4263; baseline 0.001 -17"><span class='ocrx_word' id='word_1_310' title='bbox 207 4195 228 4261; x_wconf 76' lang='grc'>3)</span> <span class='ocrx_word' id='word_1_311' title='bbox 247 4193 287 4246; x_wconf 86' lang='grc' dir='ltr'>Ι)3</span> <span class='ocrx_word' id='word_1_312' title='bbox 297 4194 520 4262; x_wconf 85' lang='lat' dir='ltr'>comparationum</span> <span class='ocrx_word' id='word_1_313' title='bbox 530 4209 581 4246; x_wconf 88' lang='lat' dir='ltr'>usu</span> <span class='ocrx_word' id='word_1_314' title='bbox 591 4195 661 4261; x_wconf 89' lang='lat' dir='ltr'>apud</span> <span class='ocrx_word' id='word_1_315' title='bbox 671 4192 766 4247; x_wconf 86' lang='lat' dir='ltr'>Silium</span> <span class='ocrx_word' id='word_1_316' title='bbox 776 4192 907 4248; x_wconf 89' lang='lat' dir='ltr'>Italicum.</span> <span class='ocrx_word' id='word_1_317' title='bbox 926 4193 995 4247; x_wconf 88' lang='lat' dir='ltr'>Diss.</span> <span class='ocrx_word' id='word_1_318' title='bbox 1006 4194 1094 4263; x_wconf 88' lang='lat' dir='ltr'>inaug.</span> <span class='ocrx_word' id='word_1_319' title='bbox 1106 4192 1243 4262; x_wconf 80' lang='lat' dir='ltr'>Gottingae</span> <span class='ocrx_word' id='word_1_320' title='bbox 1255 4191 1331 4247; x_wconf 81' lang='lat'>1880.</span> 
     </span>
    </p>
   </div>
   <div class='ocr_carea' id='block_1_9' title="bbox 0 0 1460 4614">
    <p class='ocr_par' dir='ltr' id='par_1_9' title="bbox 0 0 1460 4614">
     <span class='ocr_line' id='line_1_38' title="bbox 0 0 1460 4614; baseline 0 2"><span class='ocrx_word' id='word_1_321' title='bbox 0 0 1460 4614; x_wconf 95' lang='lat' dir='ltr'> </span> 
     </span>
    </p>
   </div>
  </div>
 </body>
</html>
