2910 4614
116 326 243 390 equum.
297 307 322 369 Ι.
347 307 420 369 405.
452 306 552 368 virens
576 305 615 369 ad
638 305 718 368 bella
742 308 891 368 senectus.
952 302 1006 366 IV.
1031 303 1102 366 100.
1131 302 1170 364 ad
1193 320 1329 383 pugnam

117 414 313 494 Martemque
335 413 457 475 insania
480 429 665 475 concors...
706 409 787 494 „adl
812 429 864 493 pro
887 409 968 472 nudo
992 409 1123 472 ablativo
1146 409 1240 471 habes
1258 406 1328 470 XII.

120 521 194 583 252.
217 519 375 582 Attonitus
399 520 502 599 stupet
524 517 563 581 ad
587 517 698 580 vultus.

208 624 302 688 Haud
324 643 392 688 raro
416 623 509 688 Silius
534 622 639 707 ⁷,antd‘
672 627 764 705 atque
788 623 880 686 etiam
905 623 1026 705 saepius
1052 621 1153 706 η6661α
1178 621 1330 704 praeposi·

117 733 218 796 tiones
241 731 411 813 usurpavit,
437 731 482 794 ita
503 734 540 794 ut
562 748 614 812 pro
638 729 902 793 coniunctionibus
934 727 1135 812 ῃ6111666611α
1160 732 1191 791 61
1215 728 1331 810 „prius-

121 836 234 920 quam“
260 837 415 901 adhibitae
439 837 508 899 sint.
560 835 644 915 Quae
674 837 806 899 brevitas
830 834 951 898 dicendi
972 835 1131 917 praecipue
1153 816 1257 897 Tacito
1280 852 1332 914 pe·

120 943 244 1008 culiaris
267 945 323 1007 661.
361 978 400 988 -
432 942 471 1005 Il.
489 943 539 1006 30.
571 942 694 1005 dabitur
717 942 772 1005 tibi
796 942 881 1023 copia
903 941 999 1004 nostri
1026 945 1096 1004 ante
1120 942 1329 1022 exspectatum

119 1079 163 1104 =
192 1052 361 1130 antequam
390 1049 617 1130 exspectaveris,
669 1047 721 1110 lX.
747 1049 797 1111 52.
829 1046 990 1128 Quamque
1017 1046 1116 1110 fluant
1148 1064 1235 1109 arma
1259 1048 1331 1109 anto

118 1157 214 1220 tubas
238 1184 281 1207 =
304 1157 471 1236 antequam
493 1155 586 1218 tubae
609 1153 761 1217 indentur.
815 1153 866 1216 lV.
885 1154 955 1216 746.
979 1154 1047 1234 p'ost
1070 1152 1160 1235 Alpes
1184 1153 1209 1214 si
1233 1154 1332 1214 stetur

118 1261 281 1325 montibus
307 1260 367 1324 illis
397 1290 440 1312 =
468 1264 632 1342 postquam
662 1260 754 1341 Alpes
785 1263 944 1341 superatae
975 1262 1056 1322 sunt.
1110 1259 1161 1322 VI.
1181 1259 1252 1320 136.
1276 1276 1331 1321 nec

121 1367 270 1447 cuiquam
295 1370 364 1447 post
392 1366 465 1429 talia
496 1366 575 1430 dona
604 1384 666 1428 non
694 1365 848 1447 praelatus
878 1384 970 1447 eques
1000 1367 1228 1445 :postquam
1256 1362 1331 1425 talia

124 1471 205 1534 dona
227 1473 351 1554 accepit.
398 1471 465 1535 VII.
488 1472 561 1534 466.
584 1475 652 1553 6661
674 1471 777 1534 fratris
792 1473 873 1535 toros
897 1500 939 1524 =
961 1474 1124 1553 postquam
1146 1468 1240 1532 frater
1262 1486 1332 1531 eam

124 1595 249 1641 uxorem
271 1576 367 1640 duxit.
420 1577 456 1640 X.
483 1578 555 1640 590.
578 1581 646 1659 post
668 1577 818 1652 Trebiam,
848 1581 916 1659 post
937 1577 1030 1640 Tusci
1061 1580 1170 1656 stagna
1192 1574 1332 1657 profundi

126 1719 168 1727 —
191 1686 355 1764 postquam
378 1682 417 1746 ad
432 1683 573 1746 Trebiam
589 1687 620 1746 et
642 1684 745 1746 lacum
761 1683 985 1746 Trasumenum
1009 1682 1206 1762 gravissimas
1230 1680 1331 1744 clades

121 1791 313 1870 acceperunt.
367 1788 403 1851 X.
428 1790 500 1852 657.
530 1791 651 1871 666116
675 1789 746 1871 (1.6.
772 1787 1003 1871 Carthaginem)
1029 1817 1071 1840 =
1094 1791 1256 1870 postquam
1281 1786 1332 1849 de·

120 1895 184 1958 leta
207 1913 240 1959 es
263 1894 326 1959 sive
348 1899 417 1976 post
439 1894 591 1958 excidium
615 1898 713 1958 tuum.
758 1893 823 1957 XV.
844 1895 893 1957 79.
918 1897 986 1976 post
1009 1892 1099 1957 Seras
1123 1896 1153 1957 et
1176 1891 1266 1956 Indos
1290 1920 1333 1944 -=

118 2003 287 2083 postquam
310 1999 401 2065 Seras
424 2005 455 2065 et
477 2001 568 2065 Indos
592 2000 663 2064 visit
687 2038 727 2045 —
751 2003 807 2063 etc.

214 2105 330 2190 „Ante“
355 2108 607 2189 praepositionem
631 2106 670 2169 ad
687 2105 921 2185 significandum
943 2105 1158 2187 principatum,
1183 2105 1236 2185 qni
1257 2123 1333 2167 usus

120 2212 268 2276 omnibns
291 2214 478 2295 temporibus
501 2213 582 2295 apud
606 2213 766 2294 scriptores
794 2212 948 2276 invenitur
975 2211 1104 2294 exceptis
1134 2209 1275 2274 Cicerone
1303 2213 1334 2273 et

124 2314 265 2395 Caesare,
289 2317 385 2383 Silius
408 2338 432 2383 6.
450 2339 478 2400 g.
502 2319 657 2384 adhibuit:
681 2319 704 2381 I.
722 2319 774 2381 26.
797 2318 856 2382 Η16
871 2317 956 2394 Iuno,
981 2320 1052 2382 ante
1068 2319 1183 2399 Argos.
1198 2365 1205 2380 .
1219 2365 1246 2393 .,
1263 2323 1333 2380 ante

126 2423 337 2506 ...Mycenen
361 2423 486 2507 Optavit
508 2424 642 2507 profugis
666 2431 823 2489 aeternam
847 2424 973 2488 condere
997 2428 1129 2504 gentem.

213 2547 297 2613 Satis
320 2548 461 2630 frequens
486 2550 586 2613 estin
609 2549 733 2613 Punicis
767 2547 852 2632 „per“
877 2549 1066 2631 praepositio,
1096 2549 1150 2612 ubi
1179 2551 1333 2630 exspectas

122 2654 300 2720 ablativum
322 2655 599 2719 instrumentalem.
645 2654 684 2717 Il.
703 2655 775 2717 115.
799 2673 858 2717 non
881 2658 970 2734 grata
992 2653 1095 2717 lovem
1117 2673 1171 2735 661
1192 2657 1262 2717 vota
1285 2673 1335 2716 vo-

121 2762 224 2826 cabat.
278 2761 329 2824 IV.
355 2762 426 2824 761.
457 2762 510 2824 ubi
540 2760 647 2823 deinde
676 2779 728 2842 661
755 2778 841 2822 arma
864 2758 1006 2823 Sumeret
1033 2759 1137 2822 amissi
1172 2777 1334 2823 numerosa

121 2867 246 2949 piacula
279 2868 372 2931 visus.
425 2867 477 2929 IV.
503 2869 531 2930 8.
563 2866 666 2929 docilis
693 2885 747 2947 per
774 2866 875 2928 inania
902 2884 1005 2928 rerum
1028 2865 1156 2929 Pascere
1179 2884 1334 2928 rumorem

122 2973 210 3053 vulgi
233 2990 325 3055 pavor
348 3002 390 3024 =
413 2972 505 3036 rebus
529 2972 681 3035 inanibus.
715 2972 784 3035 VIl.
804 2973 875 3035 127.
899 2990 952 3053 661
973 2971 1062 3034 ovilia
1085 2972 1206 3034 clusum
1219 3021 1224 3035 .
1239 3021 1245 3034 .
1260 3021 1267 3033 .
1282 2990 1335 3053 66-

123 3096 179 3143 6116
212 3077 276 3158 (cfr.
300 3098 369 3161 pag.
387 3078 451 3161 32).
504 3077 572 3140 Vll.
592 3079 664 3141 423.
692 3097 746 3159 661
775 3079 874 3141 varias
904 3078 978 3142 lusit
1000 3077 1121 3140 formas.
1172 3075 1239 3140 Vll.
1259 3077 1332 3140 483.

122 3183 342 3266 Damnatoquc
366 3185 467 3247 Deum
491 3184 644 3266 quondam
667 3203 721 3265 per
743 3185 879 3247 carmina
902 3202 1024 3265 campo;
1049 3183 1100 3247 cfr.
1124 3183 1176 3246 XI.
1194 3184 1266 3246 437.
1292 3220 1332 3228 -

122 3289 161 3353 X
177 3291 208 3352 3.
232 3308 285 3372 661
306 3291 431 3354 vulnera
454 3291 567 3371 colligit
590 3291 716 3354 hostem.
770 3289 851 3352 XIV.
878 3291 928 3352 60.
960 3289 1117 3353 Murmure
1146 3308 1198 3370 per
1228 3307 1332 3352 caecos

124 3396 213 3459 tonat
235 3396 398 3477 irrequieta
421 3396 554 3476 fragores
579 3433 618 3440 -
643 3399 699 3459 eto.
716 3398 772 3458 etc.

214 3499 326 3565 Crebro
349 3501 440 3566 Silius
463 3503 506 3565 ita
529 3510 638 3565 neutra
661 3521 732 3565 oum
757 3500 842 3586 „por“
867 3503 1088 3583 praepositione
1112 3500 1274 3576 coniunxit,
1297 3503 1333 3563 ut

122 3606 336 3671 adverbiorum
359 3608 423 3670 loco
445 3608 543 3689 posita
566 3627 631 3671 esse
655 3608 823 3672 videantur.
846 3644 886 3653 -
908 3607 1107 3671 61111465.
1130 3606 1334 3688 perlongum

122 3714 224 3777 celata
245 3713 343 3777 fames
371 3743 413 3765 =
444 3714 509 3789 diu;
539 3716 571 3777 it.
594 3714 631 3777 X.
649 3716 721 3777 266.
745 3714 832 3777 XIII.
848 3715 922 3776 462.
945 3713 1010 3776 XV.
1029 3713 1099 3776 785.
1133 3750 1173 3757 —
1204 3712 1241 3775 X.
1260 3713 1332 3775 504.

122 3837 177 3900 per
200 3820 353 3895 subitum;
375 3821 409 3884 it.
432 3819 513 3883 XIV.
531 3821 603 3883 330.
627 3820 691 3883 XV.
711 3821 782 3882 145.
800 3821 872 3882 401.
898 3854 939 3863 -
961 3818 997 3881 X.
1015 3819 1087 3881 353.
1111 3837 1165 3899 661
1187 3820 1332 3893 tacitum;

121 3926 156 3989 it.
181 3925 251 3988 XII.
269 3926 341 3990 554.
359 3926 431 3989 654.
455 3924 551 3989 XVII.
569 3926 643 3989 215.
667 3964 708 3971 --
732 3925 812 3988 XIV.
831 3925 880 3987 14.
904 3943 957 4005 661
980 3925 1141 3989 occultum.
1168 3961 1207 3969 -
1233 3928 1288 3988 etc.

216 4031 334 4114 ῃ111161α
359 4031 539 4113 praepositio
554 4032 715 4111 permultis
731 4032 804 4094 locis
820 4030 897 4094 nihil
913 4031 995 4093 alind
1011 4030 1162 4110 significat
1184 4031 1242 4094 nisi
1266 4030 1330 4115 „in“

123 4156 188 4218 scq.
212 4137 360 4213 ablativo;
384 4140 420 4200 111
442 4137 465 4200 l.
482 4137 555 4200 477.
579 4154 666 4200 arma
680 4186 686 4200 .
701 4187 707 4201 .
721 4186 728 4200 .
741 4137 826 4200 Inter
849 4136 944 4200 solem
967 4155 1040 4201 auro
1062 4137 1228 4200 rutilantia.
1279 4137 1330 4200 IV.

1155 4244 1174 4304 3
