2910 4614
745 80 786 140 811

158 289 213 368 (=
236 309 281 352 11.
309 290 414 370 1351.)
440 289 578 352 elisiones
604 289 683 362 1141,
714 294 745 352 91
767 289 892 369 quidem
915 291 1076 372 longarum
1096 279 1132 353 ¹in
1156 291 1219 353 illis
1247 292 1323 366 104,
1347 293 1378 354 in

154 394 202 457 his
228 397 306 469 113,
334 393 459 477 111,,11α
485 395 664 457 exeuntium
684 395 716 457 in
739 395 798 457 illis
824 397 901 470 179,
930 396 962 458 in
984 396 1032 458 his
1058 397 1134 470 138,
1159 400 1378 478 correpturum

155 502 187 562 in
209 501 269 562 illis
293 501 366 575 311,
390 501 422 562 in
445 501 492 562 his
517 501 590 563 390.
616 536 655 544 —-
680 499 741 564 Sed
763 502 845 563 huno
868 502 898 563 in
915 501 1042 564 modum
1061 502 1182 565 numeri
1198 520 1254 584 per
1272 506 1376 567 toturn

155 624 280 669 carmen
304 607 414 670 diversi
437 610 518 670 sunt.

245 712 312 776 Iam
342 732 410 776 vero
439 731 533 793 quam
562 713 594 775 in
624 716 759 776 extrema
788 712 825 776 de
847 732 879 776 re
903 713 1031 776 metrica
1054 713 1262 795 disputatione
1289 715 1376 779 affert

155 819 391 892 excusationem,
416 837 476 898 qua
501 819 654 897 significat
676 837 714 881 ne
738 818 907 897 Vergilium
931 819 1054 899 quidem
1077 820 1110 881 in
1131 821 1268 883 Aeneide
1295 839 1378 883 com·

155 925 294 1005 ponenda
325 923 440 987 eisdem
470 924 587 1003 legibus
619 925 731 986 severis
762 923 962 999 oboedivisse,
998 925 1110 1005 quibus
1135 925 1169 987 in
1201 923 1376 1006 Georgicon

155 1030 241 1093 libris
265 1030 467 1104 conficiendis
491 1049 528 1092 ne
550 1029 609 1091 bac
633 1028 756 1109 quidem
784 1031 920 1092 multum
936 1031 1087 1093 iuvamur.
1129 1030 1274 1093 Primum
1292 1033 1376 1094 enim

155 1137 282 1210 AeneiS,
305 1139 341 1198 ut
363 1138 426 1217 ipse
450 1135 537 1209 dicit,
564 1135 706 1197 ultimam
729 1134 857 1214 Vergilii
880 1135 987 1197 limam
1011 1140 1133 1216 experta
1156 1154 1218 1198 non
1241 1141 1308 1210 931,
1344 1139 1376 1200 in

155 1243 280 1305 Punicis
304 1245 409 1305 autern
433 1241 516 1302 nulla
536 1239 643 1302 insunt
657 1239 777 1314 indicia,
801 1241 913 1320 quibus
929 1239 1094 1303 doceamur
1110 1240 1261 1322 quosdam
1279 1243 1376 1306 libros

155 1348 270 1411 minore
293 1366 388 1428 quarn
411 1348 525 1408 ceteros
549 1363 623 1408 cura
646 1346 788 1426 expolitos
813 1364 894 1419 esse3
918 1364 992 1407 nam
1016 1347 1074 1408 etsi
1096 1349 1184 1428 poeta
1207 1349 1377 1411 materiem

154 1453 326 1515 uberiorem
348 1451 513 1524 contraxit,
543 1451 576 1512 in
600 1451 691 1513 rebus
715 1450 851 1513 metricis
875 1469 995 1531 semper
1018 1451 1077 1513 sibi
1099 1452 1244 1514 constitit.
1293 1453 1377 1515 Tum

154 1558 234 1621 inter
257 1557 386 1620 Iliadem
418 1559 449 1618 et
471 1555 588 1618 Punica
611 1559 699 1618 tanta
722 1558 770 1618 931
792 1554 969 1630 diversitas,
1000 1559 1036 1619 ut
1059 1575 1094 1619 ea
1117 1576 1155 1619 ne
1178 1575 1213 1620 eo
1237 1558 1377 1639 quidem,

156 1662 235 1744 quod
260 1663 376 1724 Punica
398 1662 497 1723 multo
521 1661 653 1739 longiore
677 1664 812 1741 tempore
835 1661 993 1724 interiecto
1011 1663 1181 1741 conscripta
1197 1663 1270 1737 sint,
1298 1665 1377 1727 satis

155 1769 296 1850 explicari
318 1767 422 1849 possit.
473 1765 579 1846 Neque
603 1785 671 1829 vero
696 1765 837 1828 credibile
861 1771 908 1829 931
925 1766 1034 1829 Silium
1062 1786 1115 1847 per
1129 1767 1258 1847 triginta
1275 1787 1377 1834 annos

154 1874 269 1955 poesim
297 1892 357 1936 non
389 1876 559 1944 tractasse3
588 1890 709 1952 semper
737 1874 819 1933 99119
850 1872 890 1945 91,
921 1873 1061 1952 quamvis
1084 1873 1215 1953 negotiis
1239 1875 1377 1954 publicis

155 1980 306 2042 distentus
330 1981 426 2052 93391,
457 1976 571 2057 aliquid
594 1977 739 2058 temporis
764 1977 926 2057 superfuit,
959 1995 1017 2057 quo
1042 2013 1083 2023 -
1106 1981 1143 2040 ut
1164 1997 1232 2041 mos
1257 1981 1376 2044 saeculi

155 2088 284 2148 9191-
308 2084 406 2147 Musis
429 2087 560 2145 vacaret.

243 2190 374 2253 Etiamsi
398 2192 502 2251 autem
524 2187 758 2251 concederemus
782 2187 923 2249 omnibus
941 2187 1098 2267 Doeringii
1114 2188 1376 2266 excusationibus,

156 2315 232 2376 quas
256 2294 390 2358 refellere
414 2293 528 2366 studui,
553 2293 780 2372 aliquantulum
796 2293 943 2356 momenti
961 2293 1056 2356 tribui
1077 2312 1174 2375 posse,
1198 2294 1255 2358 hoc
1271 2315 1377 2360 unum

155 2419 285 2482 pernego
317 2419 353 2462 ac
381 2417 502 2479 semper
530 2398 718 2478 pernegabo,
750 2398 775 2460 si
806 2397 899 2461 Silius
927 2403 1018 2461 antea
1047 2399 1086 2461 ad
1117 2418 1279 2462 summurn
1313 2402 1378 2466 fere

154 2510 314 2587 pervectus
344 2508 439 2576 esset,
468 2503 609 2567 futurum
638 2502 747 2577 fuisse,
778 2507 814 2566 ut
841 2522 890 2566 ars
914 2504 978 2566 eius
1002 2507 1201 2585 tantopere
1223 2505 1258 2568 in
1281 2507 1375 2588 peius

156 2614 336 2675 mutaretur.

244 2872 304 2936 Sed
328 2872 399 2954 quid
423 2892 498 2955 opus
522 2876 569 2936 est
589 2873 698 2953 plura?
727 2873 934 2952 nequeenim,
959 2873 1008 2935 cui
1024 2872 1284 2936 commentatione
1302 2893 1377 2939 mea

154 2998 216 3042 non
239 2979 452 3060 persuaserim,
477 2997 549 3041 eum
572 2995 655 3040 nunc
678 2978 725 3040 his
749 2977 849 3040 verbis
873 2978 912 3040 ad
935 2996 1036 3040 meam
1058 2978 1242 3041 sententiam
1260 2978 1378 3044 adduci

154 3103 241 3166 posse
272 3103 366 3165 spero.
418 3083 495 3145 Mihi
529 3083 653 3163 quidem
686 3083 955 3164 persuasissimum
990 3087 1037 3146 est
1066 3082 1196 3147 Iliadem
1225 3082 1377 3148 Latinam

155 3189 227 3252 Silio
251 3189 356 3253 Italico
380 3208 440 3251 non
464 3207 529 3251 esse
545 3187 778 3262 vindicandam
800 3188 831 3250 id
855 3189 986 3270 profecto
1004 3188 1093 3269 aequi
1108 3187 1223 3250 iudices
1240 3188 1378 3254 libenter

153 3295 376 3376 profitebuntur
399 3293 437 3356 ad
460 3293 632 3374 opinionem
656 3293 898 3356 adversariorum
922 3293 1167 3356 confirmandam
1183 3310 1256 3355 vera
1280 3311 1378 3376 argu·

155 3403 260 3462 menta
283 3399 382 3462 adbuc
406 3418 463 3461 non
489 3399 584 3461 allata
608 3417 682 3461 esse.
730 3397 816 3476 Quod
840 3402 944 3462 autem
968 3416 1064 3459 unum
1085 3397 1237 3479 scriptoris
1262 3398 1377 3464 Iliadis

154 3523 264 3567 nomen
293 3505 443 3568 cousent't
473 3522 544 3567 cum
573 3503 750 3582 cognomine
775 3502 851 3577 Silii,
880 3504 935 3566 hoc
959 3508 1176 3583 argumentum
1199 3501 1377 3569 existimari

154 3610 274 3690 nequit;
303 3629 376 3672 narn
404 3610 430 3672 si
459 3629 507 3672 res
537 3609 628 3672 certis
659 3609 760 3672 causis
790 3612 874 3671 extra
905 3608 1128 3672 dubitationem
1156 3608 1255 3689 posita
1279 3614 1377 3688 esset,

155 3716 277 3778 nominc
307 3715 357 3778 illo
387 3716 480 3778 etiam
510 3713 754 3788 confirmaretur,
786 3714 839 3776 sed
868 3717 904 3776 ut
926 3733 1007 3776 nuno
1031 3733 1063 3777 se
1086 3732 1134 3777 res
1157 3713 1268 3789 habet,
1299 3733 1378 3779 con·

155 3839 263 3883 sensus
285 3820 335 3882 1119
358 3822 518 3883 nominum
542 3819 627 3882 casui
650 3818 830 3882 tribuendus
854 3818 982 3882 videtur.
