2910 4614
523 674 936 805 Appendin

207 1149 358 1228 Quoniam
382 1151 413 1212 in
436 1151 532 1230 priore
556 1150 821 1213 commentationis
838 1153 960 1212 nostrae
977 1151 1128 1231 particula
1151 1168 1215 1212 rem
1232 1169 1334 1229 gram·

118 1256 265 1318 maticam
297 1256 499 1330 absolvimus,
529 1276 566 1319 ne
598 1256 670 1336 quid
701 1256 853 1318 intactum
882 1255 1133 1335 relinqueremus,
1164 1257 1335 1318 sententiae

119 1360 224 1423 autem
248 1364 370 1423 nostrae
394 1362 488 1425 etiam
512 1363 660 1423 maiorem
683 1362 775 1425 fidem
800 1360 991 1434 adderemus
1023 1379 1147 1424 necesse
1179 1366 1244 1423 erat
1268 1380 1334 1442 spe-

118 1468 196 1528 ciem
219 1468 390 1541 oratoriam,
426 1487 487 1547 qua
510 1485 618 1548 poema
643 1467 794 1530 Silianam
818 1466 992 1548 praeditum
1015 1471 1070 1540 est,
1104 1466 1237 1529 conferre
1261 1486 1333 1529 cum

119 1571 255 1633 siccitate
279 1573 431 1645 oraticula,
464 1591 541 1652 quae
571 1576 700 1635 naturae
733 1573 886 1653 scriptoris
910 1571 1015 1634 Iliadis
1043 1577 1249 1634 consentanea
1277 1575 1332 1635 est.

119 1675 179 1739 Sed
203 1696 393 1758 quamquam
416 1678 455 1739 ab
479 1678 536 1740 hac
560 1679 736 1759 quaestione
766 1679 907 1741 ubertate
938 1678 1085 1740 materiae
1112 1678 1256 1740 desistere
1286 1697 1334 1740 co-

119 1801 182 1861 gor,
205 1783 366 1846 nonnullas
389 1802 446 1857 res,
471 1802 548 1864 qnae
573 1784 739 1864 plurimum
763 1784 937 1864 praebeant,
969 1772 1050 1864 quod
1073 1783 1111 1845 ad
1135 1784 1335 1865 comparabo-

119 1907 189 1950 ncm
212 1889 332 1952 illustre
356 1894 448 1969 atque
471 1889 590 1969 insigne
614 1890 662 1964 sit,
686 1890 825 1970 pluribus
848 1889 948 1952 verbis
973 1889 1147 1970 explanabo.
1201 1889 1334 1952 Maxime

119 1994 214 2072 igitur
237 1993 275 2055 ad
299 1994 339 2069 id,
364 1994 444 2074 quud
468 1995 600 2075 agimus,
624 1995 743 2057 videtur
759 1994 1027 2077 accommodatum
1040 2014 1106 2057 csse
1124 1994 1213 2075 paulo
1237 1995 1336 2076 copio-

114 2094 183 2160 ¹sins
207 2099 364 2179 disputare

579 2274 631 2340 lle
655 2275 872 2341 abnndantia

117 2437 156 2479 ne
179 2417 280 2478 dicam
304 2415 340 2478 de
364 2415 468 2478 inflato
493 2417 746 2496 generedicendi
774 2421 805 2480 et
834 2418 936 2481 fucato
966 2418 1063 2481 nitore
1097 2418 1243 2480 orationis
1267 2417 1336 2480 Sili·

119 2540 212 2592 auae;
236 2541 310 2584 narn
332 2521 391 2584 hac
415 2540 451 2584 ex
473 2541 505 2584 re
529 2521 693 2584 discrimen
716 2522 903 2603 elocutionis
927 2541 988 2602 qua
1010 2526 1139 2603 uterque
1161 2524 1269 2598 utitur,
1286 2525 1334 2587 vel

119 2627 287 2690 clarissime
311 2627 479 2708 apparebit.
517 2626 576 2690 Sed
593 2627 633 2689 ad
648 2629 704 2691 hoc
720 2627 995 2690 demonstrandum
1018 2647 1068 2690 me
1089 2630 1177 2709 plura
1198 2630 1336 2709 exempla

119 2731 227 2794 afferre
251 2750 327 2813 opus
351 2736 407 2795 est.

207 2854 291 2918 Solet
315 2854 408 2918 Silius
439 2873 534 2918 unam
566 2857 750 2920 sententiam
782 2856 900 2920 duobus
928 2857 975 2920 vel
999 2857 1138 2939 pluribus
1162 2857 1262 2921 verbis
1287 2877 1337 2921 ex·

117 2961 256 3041 primam,
279 2961 324 3024 ita
346 2965 452 3025 tamen
475 2979 719 3043 nonnumquam,
743 2966 778 3025 ut
801 2962 872 3025 talis
895 2961 1022 3025 variatio
1046 2962 1119 3026 ferri
1142 2965 1253 3045 possit:
1273 2996 1296 3033 e.
1311 2997 1336 3048 g,

117 3064 138 3118 I.
152 3065 212 3119 496.
237 3065 376 3133 propior
406 3065 520 3119 vicino
551 3065 651 3118 lumine
681 3065 762 3120 fulsit.
805 3065 899 3120 1.423.
925 3066 1007 3135 (aper)
1034 3066 1127 3120 hirto
1156 3067 1339 3120 Horrescit

118 3153 224 3205 saetis
243 3153 326 3207 dorso.
363 3153 762 3208 1.357.sulearu1nseeat
786 3170 853 3207 aera.
890 3153 921 3207 V.
937 3154 996 3208 205.
1017 3155 1149 3208 trustem
1173 3154 1339 3208 maerenti

118 3239 218 3293 solatur
242 3241 345 3308 pectine
369 3240 508 3294 luctum.
554 3241 601 3295 IV.
616 3241 675 3295 668.
700 3242 1080 3311 obscurae...caligine
1099 3243 1184 3296 nubis.
1230 3241 1263 3296 V.
1277 3242 1338 3296 549.

51 3373 54 3378 .
118 3327 670 3395 bollapsaque..,membr-a...subna
700 3330 858 3382 cocidere
888 3330 972 3383 ruina.
1032 3329 1152 3384 Viaca.
1183 3330 1339 3398 redemp-

118 3418 189 3468 tum
207 3417 393 3484 pensari=
406 3417 508 3477 redimi.
545 3417 592 3471 VI.
606 3418 665 3472 355.
685 3419 972 3473 unca...curvati
991 3418 1106 3486 pondera
1124 3418 1193 3471 ferri.
1230 3417 1279 3472 IX.
1294 3419 1336 3474 99.

118 3503 237 3556 condit
254 3505 373 3557 membra
391 3505 576 3560 occultata.
606 3506 669 3559 XII.
684 3506 745 3560 443.
764 3506 849 3559 tulit
867 3509 1023 3574 portatas
1042 3506 1152 3560 carinae.
1183 3506 1260 3560 XIII.
1277 3507 1336 3561 106.

118 3592 324 3645 coniunctas
356 3592 764 3661 adstringere...trabes.
800 3593 862 3648 XV.
877 3595 937 3647 523.
963 3610 1108 3662 spernor
1134 3597 1337 3663 contempta.

119 3679 194 3733 XVI.
210 3679 269 3733 273.
289 3681 392 3733 ducet
405 3696 516 3748 agene.
543 3681 632 3735 XVII.
648 3681 706 3735 189.
721 3682 884 3735 Euersam
896 3682 1102 3735 exscindere
1114 3682 1226 3736 Romam
1239 3712 1272 3721 -
1286 3686 1339 3738 etc.

208 3788 276 3850 Iam
292 3790 389 3851 multo
407 3789 505 3868 magis
521 3789 725 3853 intolerabiles
742 3793 816 3852 sunt
830 3789 862 3852 hi
878 3791 951 3852 loci:
982 3806 1003 3859 1,
1024 3806 1083 3861 253.
1109 3806 1339 3875 Torquentem...

117 3891 188 3944 tela
214 3890 306 3944 Iovem
337 3892 519 3959 permintaquc
549 3892 645 3945 nimbis
669 3892 826 3946 Fulmina
857 3890 883 3945 et
912 3909 1038 3946 excussos
1063 3897 1203 3947 ventorum
1234 3895 1341 3948 flatibus

117 3981 224 4048 ignes,
259 3979 294 4033 II.
311 3980 369 4032 158.
390 3979 501 4032 Centum
520 3996 649 4048 angues
672 3981 742 4032 idern
761 3981 981 4049 Lernaeaque
1006 3984 1158 4036 monstra
1182 3983 1288 4051 gerebat
1308 3983 1340 4036 In

117 4068 200 4136 clipeo
219 4071 246 4121 ot
264 4068 343 4121 sectis
357 4069 490 4136 geminam
509 4068 734 4136 serpentibus
752 4069 904 4138 hydram.
936 4070 970 4123 ΙΙ.
985 4071 1045 4124 343.
1065 4071 1121 4124 vidi
1139 4087 1200 4123 eum
1221 4071 1340 4124 robore

1159 4164 1177 4222 d
