2910 4614
481 303 552 371 111.
584 304 635 370 lle
658 322 724 369 usu
748 305 955 388 temporum.

200 431 235 495 In
258 450 318 494 usu
342 437 515 512 temporum
532 429 643 493 Silium
665 447 863 510 nequaquam
878 432 1039 511 praecepta
1059 428 1262 508 grammatica
1279 445 1325 489 se·

112 558 178 603 vere
201 540 377 602 observasse
401 556 436 600 ex
459 537 505 600 his
527 536 664 616 intellegi
685 539 785 616 potest
807 536 961 617 exemplis.

202 644 342 708 Positum
365 650 413 708 est
436 641 470 728 1)
495 648 615 724 tempus
638 660 797 722 praesens:

198 752 232 834 a)
254 770 307 834 pro
322 750 498 832 imperfecto
521 769 546 813 e.
562 769 607 829 g:
632 747 655 812 Ι.
673 749 746 811 692.
771 748 914 829 Lectique
930 752 1040 812 senatu
1058 748 1165 830 (sunt),
1182 748 1235 829 qui
1250 747 1324 810 duc·

64 857 67 862 ’
111 863 208 922 torem
224 858 345 922 adeant.
379 856 433 920 IV.
450 856 502 919 91.
522 856 674 938 explorare
691 908 697 919 .
712 904 739 918 ..
757 855 882 936 campis,
901 874 978 936 quac
994 856 1034 917 sit
1050 857 1169 930 natura,
1185 855 1322 936 parabat.

112 965 145 1047 b)
168 984 221 1046 pro
242 963 389 1047 perfecto:
419 960 459 1024 ll.
479 962 549 1025 142.
573 961 757 1042 abreptaque
781 961 876 1035 avide,
893 980 951 1041 quo
974 960 1115 1036 concidis,
1132 959 1226 1035 lcare,
1251 978 1322 1022 saro

113 1121 193 1135 ....
217 1089 249 1134 se
270 1070 352 1133 iacit.
398 1066 455 1131 Ill.
472 1069 522 1131 34.
555 1067 649 1131 leonis
673 1067 735 1130 Ora
759 1066 899 1131 Cleonaei
921 1068 1024 1149 patulo
1048 1068 1205 1132 caelantur
1226 1067 1323 1132 hiatu.

111 1176 168 1242 Ill.
193 1178 267 1240 227.
299 1194 360 1239 non
388 1175 451 1238 ulla
481 1192 537 1237 neo
568 1191 718 1255 umquam
751 1173 867 1237 saevior
897 1173 1026 1237 it
1051 1176 1217 1256 tempestas

113 1283 178 1346 Nec
208 1282 326 1345 bellum
470 1281 570 1343 acrius
604 1278 762 1343 infremuit
791 1279 1004 1360 trepidumque
1034 1280 1180 1344 exterruit
1208 1279 1322 1343 orbem.

114 1388 183 1452 XV.
208 1388 278 1451 172.
309 1391 345 1450 11
373 1388 470 1450 letum
500 1386 625 1450 evadere
659 1385 745 1448 nobis
774 1385 838 1448 Das
868 1386 960 1468 prior,
995 1389 1026 1449 11
1053 1405 1156 1448 servas
1187 1385 1323 1448 nondum

117 1496 253 1557 servatus
276 1494 314 1558 ab
338 1494 433 1556 hoste.
477 1494 508 1574 o)
531 1511 585 1573 pro
608 1491 921 1572 plusquamperfecto:
945 1490 999 1554 IV.
1019 1492 1089 1554 185.
1114 1490 1148 1554 Si
1171 1492 1244 1555 dent
1259 1491 1324 1554 fata

115 1618 216 1662 moras
239 1601 293 1662 aut
316 1600 438 1662 servent
459 1597 580 1661 foedera
603 1596 704 1660 Poeni.
742 1595 828 1659 XIII.
847 1599 918 1660 823.
943 1596 1012 1660 Non
1035 1597 1127 1660 datur
1244 1599 1324 1660 hanc

116 1705 238 1768 laudem
269 1705 399 1768 retinere
428 1703 490 1766 diu.

205 1809 239 1892 2)
263 1810 401 1875 Positum
416 1812 463 1875 est
477 1809 689 1890 imperfectum
702 1828 754 1890 pro
767 1809 1079 1891 plusquamperfecto:
1100 1809 1135 1874 V.
1149 1812 1222 1874 298.
1241 1811 1324 1874 haud

114 1935 265 1998 umquam
289 1916 436 1980 valuisset
458 1916 561 1979 tollere
585 1934 703 1991 saxum,
726 1915 767 1977 Ni
787 1915 864 1978 vires
887 1927 957 1978 trux
979 1917 1025 1979 ira
1045 1916 1140 1980 daret.
1181 1917 1233 1980 VI.
1251 1918 1323 1980 658.

113 2023 194 2087 11111
210 2023 361 2087 suadebat
375 2023 513 2102 Regulus
527 2070 533 2084 .
549 2072 555 2084 .
570 2070 597 2094 .,
621 2021 700 2085 bella
722 2021 870 2101 neganda,
894 2021 956 2084 viro
980 2022 1006 2084 si
1028 2041 1152 2086 noscere
1184 2021 1248 2086 fata
1272 2023 1325 2085 da-

113 2132 206 2193 retur.
252 2128 306 2193 IX.
326 2129 376 2191 15.
399 2127 463 2192 Neo
487 2127 658 2191 ...Narro
682 2176 737 2206 ...
763 2130 968 2209 compesceret
990 2146 1085 2201 amia,
1115 2127 1155 2190 Ni
1179 2147 1243 2191 sors

113 2236 276 2298 arbitrium
298 2252 419 2317 pugnae
548 2234 689 2298 dedisset.
732 2233 785 2297 IX.
808 2234 881 2296 416.
905 2234 986 2297 11111
1008 2237 1162 2315 repararet
1179 2282 1270 2309 .....
1294 2235 1325 2297 11

181 2390 187 2405 .
203 2340 325 2405 Poenus
342 2341 475 2421 Agmina
498 2340 657 2404 frenasset.
691 2340 729 2404 X.
746 2341 818 2402 305.
842 2337 927 2405 Iacet
942 2341 1075 2415 dextera,
1096 2360 1198 2422 quem,
1221 2341 1276 2404 soli
1299 2341 1325 2403 si

115 2446 195 2509 bella
210 2446 353 2527 agitanm
369 2447 523 2522 darentur,
547 2448 704 2527 Aequares
719 2445 820 2509 forsan
844 2446 949 2510 Fabio.
982 2447 1019 2510 X.
1037 2448 1109 2510 657.
1133 2449 1254 2530 postte
1277 2447 1328 2510 oui

118 2554 230 2616 vertere
252 2571 350 2617 mores
374 2552 406 2617 Si
430 2553 533 2616 stabat
554 2552 636 2627 fatis,
662 2553 771 2634 potius,
790 2551 952 2633 Carthago,
974 2571 1125 2618 maneres.
1155 2552 1323 2618 ΧΙΙ1254.

114 2657 155 2720 Et
178 2658 407 2724 ni....terras
430 2678 489 2721 nox
505 2659 647 2721 conderet
667 2706 756 2732 ....,
895 2659 1067 2740 patuissent
1089 2664 1202 2741 portae.
1255 2659 1324 2724 XV.

115 2765 187 2827 342.
220 2765 343 2828 nomina
377 2764 450 2827 belli
476 2764 642 2845 Rapturus
674 2764 791 2844 siquis
815 2765 953 2845 paullum
984 2764 1059 2828 deus
1090 2766 1215 2829 adderet
1243 2784 1325 2830 aevo.

31 2925 33 2929 .
112 2868 196 2934 XVI.
215 2871 287 2935 109.
311 2870 376 2934 Nec
387 2870 479 2934 finem
502 2869 588 2934 daret
610 2870 660 2933 1111
684 2869 748 2933 dies
773 2918 841 2946 ...,
862 2870 894 2933 11
976 2871 1115 2953 perlapsa
1136 2872 1211 2954 (scil.
1231 2874 1324 2956 11111)

115 3025 121 3039 .
136 3024 162 3040 ..
179 2977 294 3040 arundo
318 2981 350 3041 et
366 3026 372 3040 .
386 3026 393 3040 .
408 3025 415 3039 .
431 2976 614 3041 violasset..
629 3026 635 3039 .
648 2995 767 3058 eorpus.

201 3082 236 3167 3)
260 3083 399 3147 Positum
428 3087 475 3147 est
502 3082 671 3164 perfectum
698 3102 752 3166 pro
781 3084 948 3166 praesenti:
984 3081 1040 3147 III.
1068 3085 1118 3148 30.
1150 3084 1209 3148 Sed
1239 3085 1325 3148 nulla

114 3189 229 3270 effigies
253 3189 454 3253 simulacrare
477 3192 550 3252 nota
572 3189 708 3252 Deorum
732 3239 812 3252 ....
836 3190 938 3253 locum
960 3191 1133 3272 implevere.
1178 3188 1234 3253 ΙΙΙ.
1252 3191 1325 3254 301.

114 3294 329 3370 Marmaridae,
345 3295 500 3359 medicum
515 3295 626 3375 vulgus
647 3343 739 3371 .....
758 3295 805 3358 Ad
821 3315 951 3376 quorum
967 3300 1077 3360 cantus
1093 3316 1215 3378 serpens
1231 3297 1326 3359 oblita

116 3401 189 3482 (soil.
206 3402 267 3483 est)
285 3403 403 3476 veneni,
424 3402 608 3466 ...iacuere
624 3403 770 3465 cerastae.
802 3398 826 3464 I.
845 3403 918 3464 510.
943 3400 1039 3466 Cerne
1063 3450 1131 3477 ...‚
1157 3421 1196 3465 an
1214 3403 1325 3466 nostris

114 3507 202 3588 longe
217 3507 395 3587 Tirynthius
412 3507 495 3571 ausis
520 3556 590 3571 ....
613 3507 743 3570 affuerit.
774 3506 844 3572 Vll.
863 3509 935 3571 loo,
958 3509 1100 3572 vincendi
1116 3509 1181 3571 sola
1197 3508 1325 3584 videtur,

114 3613 196 3695 quod
212 3613 350 3676 nondum
366 3615 506 3679 steterint
521 3614 610 3689 11111,
626 3632 720 3677 mora.
757 3612 827 3678 VII.
845 3615 907 3677 570
925 3634 989 3695 sqq.
1008 3615 1133 3695 (Boreas
1149 3617 1179 3678 et
1191 3614 1324 3698 Africus)

114 3720 216 3784 obnixi
239 3739 311 3784 oum
334 3720 415 3784 bella
436 3720 569 3784 furentia
592 3723 745 3801 torquent,
769 3720 943 3784 Distranere
964 3720 1075 3784 fretum
1099 3739 1134 3784 ao
1150 3720 1270 3785 diversa
1287 3722 1325 3785 ad

114 3825 205 3890 litora
228 3827 354 3890 volvunt
376 3828 505 3908 Aequor.

201 3932 237 4016 4)
254 3932 392 3996 Positum
408 3936 455 3996 est
466 3932 800 4014 plusquamperfectum
826 3934 858 4015 a)
872 3952 924 4014 pro
936 3933 1126 4015 imperfecto:
1144 3934 1168 3997 I.
1183 3935 1245 3998 576
1259 3954 1324 4017 sqq.

114 4037 252 4102 Pellebat
275 4057 396 4103 somnus
411 4038 534 4101 Tithoni
553 4038 672 4101 roscida
688 4037 805 4113 coniux,
828 4040 872 4102 Ao
889 4089 958 4102 ....
975 4039 1093 4122 sonipes
1111 4089 1179 4104 ....
1197 4040 1326 4104 Afflarat

114 4147 235 4209 montes
258 4164 421 4226 roseasque
444 4143 585 4207 movebat
608 4143 753 4208 habenas.
800 4145 833 4230 b)
857 4165 910 4228 pro
933 4146 1080 4228 perfecto:
1109 4145 1222 4210 1111.
1246 4148 1325 4210 iacet

1146 4256 1165 4315 2
