2910 4614
116 312 211 376 dabat
232 310 390 394 improbus
412 316 528 381 urbem.
581 317 633 383 IV.
652 320 723 384 756.
753 341 813 384 non
837 326 936 386 cetera
963 323 1102 385 membra
1130 324 1268 385 moratur
1289 320 1327 383 In

117 417 249 503 pretium
273 420 342 485 belli
365 423 444 488 dare.
497 423 531 488 V.
556 425 628 489 499.
659 431 796 491 aeratam
810 481 816 493 .
829 429 897 493 ..in
920 429 999 492 bella
1023 429 1183 510 bipennem
1213 458 1255 480 ==
1289 428 1329 491 ad

117 545 209 591 usum
232 526 311 592 belli.
349 528 416 594 VII.
434 531 505 594 630.
528 531 588 595 telo
611 552 672 597 non
695 533 726 597 in
750 554 806 598 sua
822 536 947 599 vulnera
970 535 1077 609 misso:
1101 534 1327 599 1111711653.

119 632 256 714 —VI,H.
275 636 345 700 149.
369 656 474 701 ensem
495 637 644 702 Dardanii
667 641 842 721 quaesitum
863 643 895 705 in
910 642 1021 723 pignus
1045 641 1165 705 amoris,
1181 677 1220 685 --
1239 639 1327 704 VIII.
1389 685 1395 696 .

118 741 189 805 606.
212 740 248 805 In
271 742 363 807 deous
387 744 569 809 Hannibalis
592 746 683 810 duros
706 738 816 811 misere
839 751 970 830 nepotes.
1008 747 1092 811 VIII.
1110 748 1182 812 281.
1206 747 1328 829 trepida

117 847 252 928 pendens
274 848 307 912 in
328 852 454 915 verbera
476 851 581 933 planta
604 883 647 904 =
670 853 709 916 ad
732 855 863 918 calcaria
887 854 1051 918 subdenda.
1096 852 1148 917 XI.
1167 854 1239 916 214.
1263 871 1329 916 oer-

116 958 199 1019 tasse
223 957 336 1019 volenti
359 957 395 1022 In
424 957 516 1022 decus
547 962 578 1022 et
601 958 717 1022 famam
739 960 799 1023 leti.
854 960 907 1024 ΧΙ.
924 961 995 1023 361.
1020 963 1159 1024 serratus
1181 960 1213 1021 in
1237 977 1329 1021 arma

117 1059 276 1144 Scipiadae
294 1094 337 1116 =
352 1068 388 1128 ut
410 1064 503 1128 armis
529 1064 676 1146 Scipionis
700 1068 879 1130 servaretur.
917 1064 1000 1129 XIII.
1020 1067 1089 1129 165.
1113 1083 1175 1146 qua
1199 1065 1239 1128 sit
1262 1083 1329 1128 cer-

114 1167 236 1233 tissima
258 1169 336 1235 ferro
359 1172 396 1235 In
418 1171 530 1235 vulnus
552 1172 601 1235 ria
614 1224 620 1236 .
634 1224 660 1236 ..
684 1175 740 1237 eto.
764 1175 819 1236 eto.

204 1275 306 1341 Semel
335 1279 452 1361 repperi
484 1276 551 1362 „in“
576 1296 677 1360 praep.
701 1298 762 1360 seq.
786 1297 886 1342 accus.
910 1278 1109 1342 subiunctum
1132 1277 1221 1340 verbo
1244 1295 1328 1340 mer·

116 1382 216 1460 gendi,
239 1403 311 1447 oum
335 1385 469 1466 alioquin
492 1383 584 1447 Silius
606 1385 698 1448 rerba
722 1384 869 1449 eiusmodi
892 1403 964 1447 oum
987 1383 1117 1446 ablativo
1137 1383 1328 1446 instrumen-

115 1488 204 1571 tali1)
240 1494 414 1554 construere
448 1490 558 1554 soleat:
600 1489 636 1554 X.
664 1491 736 1554 207.
771 1489 899 1553 afflictos
933 1489 1090 1553 tumidum
1113 1489 1259 1556 demersit
1294 1490 1329 1552 in

115 1611 248 1660 amnem.

206 1705 310 1784 Aeque
335 1721 370 1766 ac
395 1700 481 1786 „perV
507 1701 600 1766 Silius
624 1702 728 1777 etlam¹
742 1701 808 1786 77111ιι
833 1701 1084 1783 praepositionem
1112 1720 1183 1765 cum
1207 1702 1329 1765 neutris

116 1807 335 1872 adiectivorum
359 1808 523 1889 coniungit,
548 1809 667 1891 saepius
684 1809 778 1871 simul
801 1827 873 1871 cum
896 1808 924 1869 vi
947 1807 1120 1881 adverbiali,
1144 1807 1232 1870 culus
1247 1827 1328 1872 usus

114 1914 189 1978 haec
212 1916 349 1997 exempla
371 1914 477 1978 affero:
515 1914 599 1979 XIII.
617 1916 688 1979 873.
711 1915 742 1979 in
767 1917 933 1979 aeternum.
972 1913 1052 1978 XIV.
1070 1914 1120 1977 47.
1143 1915 1176 1977 in
1190 1914 1325 1994 longum.

115 2018 182 2084 VH.
201 2023 272 2086 527.
296 2022 327 2084 in
350 2022 496 2085 subitum.
543 2033 545 2039 ’

204 2127 303 2212 „Sub“
328 2129 547 2210 praepositione
571 2126 664 2191 Silius
687 2127 813 2190 liberius
842 2145 919 2189 usus
942 2128 989 2189 est
1012 2125 1102 2188 variis
1132 2144 1204 2188 oum
1227 2126 1327 2190 notio-

116 2233 222 2308 nibus:
253 2233 304 2299 cfr.
327 2234 366 2298 H.
384 2234 456 2298 435.
480 2234 590 2316 pendet
612 2235 669 2297 sub
692 2234 824 2312 imagme
847 2250 960 2314 poenae
984 2232 1128 2312 Regulus
1180 2227 1235 2295 Vi
1250 2233 1321 2294 633.

116 2358 246 2422 paupere
270 2341 328 2404 sub
352 2341 460 2422 populo
484 2340 598 2404 ductor.
652 2339 792 2403 71381.
826 2338 1006 2402 claudebam
1035 2339 1092 2401 sub
1103 2340 1126 2421 1)
1152 2337 1240 2402 corde
1263 2356 1326 2401 me-

116 2447 166 2509 tus
191 2446 255 2528 (pro
279 2446 336 2511 abl.
352 2447 451 2529 instr.)
477 2445 620 2509 -Item
644 2463 868 2527 supervacanea
892 2447 945 2508 est
961 2443 1158 2527 praepositio:
1183 2442 1234 2507 VI.
1252 2445 1325 2507 210.

116 2550 295 2634 Spectatum
318 2553 416 2616 Marte
447 2552 504 2616 sub
527 2552 628 2616 omni.
643 2603 649 2615 .
663 2551 824 2633 ,equItem
876 2551 929 2614 IX.
952 2552 1023 2614 366.
1053 2550 1235 2631 nullumque
1259 2551 1326 2625 {sub

115 2658 178 2722 ima
208 2657 338 2740 Cuspide
366 2658 540 2740 procumbit
569 2676 685 2740 corpus.
738 2656 789 2721 XI.
808 2657 885 2726 244.
920 2657 977 2720 sub
1006 2657 1051 2719 ira
1082 2655 1247 2719 infremuit
1269 2657 1326 2720 leo.

116 2762 166 2828 IX.
190 2766 261 2829 258.
292 2764 486 2847 Mancinique
513 2763 583 2828 inde
611 2782 750 2827 reversus
783 2763 930 2827 lbaterna
959 2762 1016 2826 sub
1045 2764 1141 2826 morte
1165 2762 1255 2826 dolor.
1281 2798 1324 2806 -

115 2868 214 2936 XVII.
232 2871 303 2936 374.
326 2872 488 2953 venietque
511 2870 577 2952 pari
600 2870 657 2934 sub
680 2870 803 2933 nomine
826 2869 933 2932 ductor
955 2899 997 2920 =
1021 2887 1099 2933 oum.
1126 2906 1165 2915 —
1182 2868 1234 2932 IX.
1252 2869 1327 2933 373.

115 2978 172 3040 sub
206 2978 328 3041 nomine
354 2980 485 3041 mortem
515 3006 557 3029 =
587 2996 627 3040 m.
658 2977 826 3040 honestam.
893 2973 978 3039 XIII.
1004 2975 1076 3039 400.
1113 2975 1170 3038 sub
1200 2974 1326 3037 numine

114 3081 228 3146 Phoebi
258 3111 301 3136 ==
331 3082 479 3166 praesidIo
506 3082 627 3146 Phoebi.
671 3080 765 3146 XIII.
791 3083 862 3146 878.
893 3081 1049 3144 Macetum
1082 3081 1139 3144 sub
1165 3080 1258 3144 armis
1282 3109 1327 3132 =

115 3189 209 3253 armis
233 3189 444 3254 Macedonum.

205 3295 336 3380 „Super“
362 3295 614 3378 praepositionem
645 3313 704 3376 seq.
728 3295 786 3359 abl.
811 3293 988 3376 saepissime
1021 3293 1151 3373 legimus
1174 3311 1227 3374 pro
1251 3291 1325 3375 „de“

114 3420 225 3484 praep,
249 3420 327 3484 quae
350 3401 538 3482 significatio,
562 3419 632 3464 rara
648 3401 729 3483 apud
746 3399 922 3464 Gloeronem
939 3398 999 3480 (ter
1013 3400 1045 3463 in
1061 3399 1222 3480 epistulis),
1242 3399 1338 3480 apud

117 3505 279 3572 Caesarem
301 3509 423 3571 omnino
452 3526 512 3570 non
541 3507 638 3581 obvia,
667 3510 771 3588 postea
794 3506 893 3585 magis
916 3506 1076 3587 magisque
1098 3504 1257 3568 increbuit.
1283 3540 1325 3550 -

114 3613 167 3678 cfr.
198 3614 273 3678 Id.
306 3633 398 3696 super
424 3632 516 3694 regno
546 3612 715 3677 certamina
743 3611 846 3676 movit.
892 3610 931 3676 II.
950 3612 1023 3675 271.
1047 3612 1224 3675 consultant
1246 3610 1326 3674 bello

117 3739 214 3802 snper.
261 3718 316 3783 III.
335 3722 362 3784 6.
386 3722 493 3783 ratum
515 3722 635 3784 mentes
658 3719 794 3799 agitare.
810 3737 941 3799 ..super
962 3718 1087 3800 imperio
1112 3754 1151 3763 —
1175 3720 1231 3781 etc.

203 3826 372 3890 Rarissime
401 3830 448 3890 est
481 3824 605 3910 „super“
636 3842 735 3906 praep.
771 3842 832 3904 seq.
862 3824 921 3888 abl.
944 3826 988 3887 ita
1011 3824 1157 3899 adhibita,
1182 3826 1217 3886 ut
1240 3823 1326 3885 Iocus

116 3931 309 4012 designetur:
338 3931 393 3995 III.
414 3933 466 3996 40.
492 3930 660 4012 (Antaeus)
684 3929 748 3993 Nec
771 3930 863 3993 levior
885 3931 966 3994 vinci
979 3983 984 3994 .
999 3982 1004 3994 .
1019 3982 1024 3994 .
1037 3929 1137 3994 Matre
1161 3947 1257 4010 super.
1282 3965 1325 3973 —

205 4178 225 4241 ¹)
245 4177 298 4232 Clr.
312 4193 372 4244 pag.
387 4176 428 4228 32.
