2976 4628
723 123 764 183 58

639 212 848 220 --υμ--ψ--ω-

215 325 285 392 III.
309 325 361 393 llo
384 329 565 396 nonnullis
588 331 895 398 obseruationibus
918 331 962 397 ad
986 329 1148 413 singulos
1170 328 1276 413 pedes
1341 382 1343 387 .

603 437 877 521 pertinentibus.

224 577 262 639 In
283 576 382 658 prima
405 578 574 642 hexametri
598 580 667 643 sede
685 579 794 643 Silium
818 580 887 661 plus
904 580 991 643 solito
1016 578 1162 660 spondeos
1186 578 1349 641 adamasse

135 700 227 762 supra
250 681 471 759 demonstravi3
501 685 553 748 sed
584 686 616 748 in
644 686 701 749 hoc
731 705 849 767 quoqne
881 686 1016 748 multum
1045 661 1124 747 inter
1153 702 1224 747 eum
1257 686 1350 764 atque

134 788 280 869 plurimos
304 789 379 852 alios
402 793 505 871 poetas
528 791 664 867 interest,
690 792 770 872 quod
792 793 824 855 in
839 791 963 855 Punicis
987 808 1131 872 persaepe
1154 789 1272 870 primus
1296 808 1349 870 pes

134 894 280 956 vocabulo
304 895 465 976 spondiaco
489 899 617 959 constat.
672 897 745 978 Legi
773 897 854 961 enim
887 898 947 961 tale
978 895 1102 959 initium
1130 895 1212 977 apud
1236 893 1349 958 Silium

136 999 199 1060 682
229 1000 302 1062 locis
332 1001 393 1064 sive
428 1001 459 1064 in
488 1002 617 1082 singulis
651 1003 786 1066 millibus
816 1021 962 1066 versuum
991 1001 1053 1064 fere
1082 999 1351 1081 quinquagies

136 1106 305 1186 septies,
330 1107 410 1187 apud
434 1107 538 1171 Iliadis
554 1112 659 1172 autem
676 1109 853 1190 scriptorem
878 1107 1121 1189 quadragies
1145 1108 1215 1174 ter„
1257 1105 1353 1169 Tres

135 1213 240 1273 tamen
264 1230 370 1275 versus
394 1213 577 1289 huiusmodi,
608 1216 690 1277 297.
725 1215 806 1277 ool.
832 1215 928 1288 844„
956 1211 1155 1276 hauddubie
1179 1211 1352 1286 adulterini,

135 1334 151 1379 e
175 1319 317 1380 contentu
340 1319 503 1382 verborum
527 1320 694 1383 eiciendi
718 1324 801 1383 sunt.

224 1421 354 1486 Etiamsi
384 1424 478 1503 igitur
508 1425 612 1488 Iliadis
645 1426 774 1506 scriptor
796 1426 828 1487 in
858 1425 954 1488 initiis
984 1425 1232 1488 hexametrorum
1261 1440 1354 1485 voces

136 1528 314 1608 spondiacus
338 1530 495 1609 aliquanto
518 1531 617 1593 rarius
642 1531 776 1606 admisit,
800 1533 905 1594 tamen
928 1530 1025 1592 libens
1043 1528 1172 1592 concedo
1189 1546 1261 1591 eum
1277 1546 1356 1608 quo-

135 1651 194 1727 que
219 1633 402 1712 elegantiam
418 1635 510 1709 illam,
536 1654 615 1715 quae
639 1637 746 1699 ceteris
762 1637 794 1698 in
818 1636 908 1699 rebus
933 1653 1053 1716 semper
1074 1633 1136 1698 fere
1158 1633 1191 1696 in
1212 1633 1356 1696 carmine

135 1738 202 1802 eius
233 1740 374 1814 cernitur,
403 1740 434 1802 in
464 1741 520 1804 hoc
551 1742 653 1804 minus
681 1743 857 1822 respexisse.
909 1744 1055 1803 Attamen
1084 1759 1145 1802 non
1173 1738 1355 1814 concedam,

138 1844 234 1924 siquis
263 1848 298 1906 ut
325 1845 454 1909 fortasse
486 1845 671 1926 Doeringius
703 1847 783 1910 dicct
815 1847 847 1909 id
881 1846 943 1910 iam
977 1846 1132 1927 proprium
1159 1844 1254 1907 fulssc
1286 1843 1357 1907 Silii

135 1949 348 2025 adulescentis,
379 1951 459 2043 apud
489 1952 639 2015 seniorem
669 1953 851 2027 accrevisse3
882 1970 955 2015 nam
986 1970 1025 2014 ne
1055 1951 1109 2013 alii
1137 1949 1274 2030 quidem,
1298 1949 1354 2029 qui

136 2057 311 2136 ceteroquin
334 2075 439 2120 versus
462 2059 543 2122 leves
566 2058 768 2139 perfacilequc
790 2058 920 2122 fluentes
944 2060 1123 2138 paruerunt,
1151 2055 1352 2137 asperitatem

136 2163 222 2225 illam
236 2162 317 2224 initii
333 2163 409 2226 satis
425 2163 609 2227 devitarunt.
648 2164 742 2227 Velut
765 2165 915 2238 Lucanus,
932 2163 1182 2225 accuratissimus
1200 2178 1349 2224 versuum

136 2267 344 2331 faciendorum
368 2268 483 2344 artilex,
507 2269 536 2332 in
560 2269 627 2332 libr.
645 2269 668 2331 I.
685 2267 726 2332 ΙΙ.
747 2270 874 2331 1-330
897 2269 958 2331 ie.
982 2268 1013 2330 in
1038 2268 1122 2330 1025
1138 2266 1278 2330 uersibus
1297 2283 1348 2328 vo·

137 2373 283 2436 cabulum
306 2373 504 2454 spondiacum
527 2375 558 2436 in
581 2376 679 2455 prima
703 2374 773 2437 sede
797 2373 937 2437 adhibuit
960 2373 1188 2454 quadragies
1206 2373 1350 2453 quater.

224 2478 292 2542 Iam
321 2498 391 2542 vero
422 2498 494 2542 cum
517 2482 622 2561 poetae
646 2480 775 2543 Romani
803 2498 890 2543 voces
920 2478 1099 2560 spondiacas
1127 2481 1158 2541 et
1181 2477 1352 2558 dactylicas

137 2603 156 2646 a
180 2585 310 2648 secundo
333 2585 408 2666 pede
431 2585 621 2658 excluserint,
646 2589 677 2649 et
701 2584 793 2649 Silius
822 2588 853 2648 et
876 2585 981 2647 Iliadis
1005 2583 1132 2664 scriptor
1159 2583 1216 2646 hoc
1239 2582 1353 2645 uitium

137 2691 259 2753 omnino
283 2690 468 2771 refugerunt.
507 2691 707 2772 Excipiuntur
730 2695 833 2754 tamen
858 2690 940 2772 apud
955 2689 1122 2771 permultos
1138 2690 1242 2769 poetas
1257 2705 1353 2769 quae-

138 2796 210 2858 dam
233 2798 389 2871 vocabula
413 2798 444 2859 in
468 2798 579 2878 quibus
605 2795 717 2881 ⁷‚interl
743 2797 923 2877 praepositio
943 2795 1191 2876 frequentissimo
1214 2812 1275 2856 usu
1297 2793 1356 2856 ad·

137 2901 272 2965 mittitur
281 2903 315 2985 ¹).
355 2902 440 2981 Quod
465 2921 535 2966 cum
559 2905 603 2965 ita
626 2903 675 2978 sit,
692 2903 852 2983 scriptores
877 2919 1004 2982 quoque,
1028 2900 1193 2981 dequibus
1218 2899 1354 2978 agimus,

137 3009 195 3071 hac
218 3008 392 3072 condicione
408 3009 507 3088 legem
529 3010 694 3071 laeserunt.
735 3007 836 3070 Semel
853 3007 933 3071 enim
956 3004 1062 3068 Iliadis
1085 3005 1212 3086 scriptor
1226 3022 1356 3068 versum

137 3113 209 3177 fecit
231 3115 343 3177 talem:

180 3220 299 3282 11562.
324 3219 403 3305 Post·
419 3220 494 3282 haec
517 3219 596 3283 inter
619 3238 650 3282 se
674 3220 771 3300 posito
794 3218 959 3281 certamine
982 3234 1112 3298 pugnae.

138 3325 197 3388 Ter
221 3323 329 3389 Silius:

182 3428 205 3493 I.
223 3431 296 3493 450.
321 3430 464 3493 avulsum
486 3430 566 3494 inter
587 3431 649 3513 tela
672 3430 761 3509 globo
785 3432 815 3491 et
838 3431 906 3510 post
928 3430 1016 3505 terga
1038 3426 1218 3490 revinctum.

183 3535 223 3598 II.
241 3536 312 3598 321.
338 3539 424 3600 stant
446 3537 545 3617 prima
568 3537 647 3600 inter
670 3537 758 3614 signa
782 3553 869 3597 senes
894 3534 1052 3613 letumque
1075 3531 1239 3594 lacessunt.

182 3641 251 3704 XII.
269 3642 341 3704 536.
366 3641 448 3704 baud
472 3641 597 3721 dignam
619 3643 699 3704 inter
722 3643 808 3703 tanta
829 3657 947 3701 moram
970 3656 1026 3701 nec
1043 3655 1171 3700 amoena
1186 3636 1361 3701 retentant.

139 3748 240 3828 Atque
263 3765 368 3810 versus
392 3748 443 3811 illc
467 3745 572 3810 Iliadis
596 3747 690 3810 etiam
706 3746 805 3824 magis
828 3744 921 3807 habet
936 3743 1165 3807 excusationem
1187 3743 1361 3822 propterea,

141 3853 230 3933 quod,
253 3856 290 3915 nt
311 3853 375 3916 iam
397 3852 563 3916 Froehdius
588 3853 671 3928 dixit,
697 3848 808 3935 „inter“
834 3852 865 3914 et
889 3847 956 3933 „sel
982 3848 1071 3929 quasi
1094 3848 1127 3910 in
1149 3846 1243 3910 unius
1266 3864 1364 3912 voca-

141 3958 206 4022 buli
228 3977 336 4039 ccrpus
360 3962 478 4022 coeunt.
