2910 4614
673 118 713 180 59

171 326 252 389 Tum
277 325 379 401 Silius,
404 327 515 409 quippe
538 327 591 408 qui
614 329 736 392 omnino
753 330 852 409 magis
876 329 995 391 alienus
1020 328 1060 391 sit
1083 327 1121 390 ab
1145 328 1297 410 elegantia

32 499 35 503 ,
81 432 183 507 metri,
207 433 310 507 semel,
340 433 400 495 nisi
429 434 502 514 quid
532 452 582 496 me
609 433 697 514 fugit,
721 434 829 516 pedem
852 434 1021 498 secundum
1049 452 1120 497 voce
1144 433 1296 513 dactylica

82 537 231 601 contineri
253 556 364 619 passus
388 542 451 602 est:

128 643 165 707 V.
184 645 257 707 ool.
280 644 413 725 Telaque
437 664 684 727 corporaque
708 651 739 709 et
760 665 821 709 nou
843 647 945 710 fausto
967 646 1066 710 Marte
1090 648 1242 709 omentas

82 749 165 814 Sane
187 749 289 830 aliquo
312 750 402 813 modo
425 751 535 814 vitium
558 752 719 832 mitigatur
741 752 873 816 elisione.

172 873 312 937 Eandem
335 874 434 954 legem
458 893 529 937 cum
552 876 583 938 in
607 876 696 938 tertio
718 875 793 957 pede
816 866 922 957 poetae
945 880 1011 939 tam
1034 893 1135 938 serere
1158 876 1299 938 observa·

80 981 193 1054 verint,
215 982 250 1042 ut
272 982 342 1060 post
364 979 500 1042 Ennium
524 985 554 1043 et
570 981 722 1044 Lucilium
745 983 891 1064 exempla,
915 982 1046 1063 exceptis
1070 981 1148 1044 binis
1165 980 1297 1044 Lucretii

81 1088 115 1148 et
138 1085 266 1159 Horatii,
290 1086 378 1166 plane
402 1086 506 1165 ignota
530 1086 593 1149 sint
602 1089 636 1169 1),
660 1087 736 1150 haec
759 1087 819 1150 duo
843 1085 959 1150 Siliana
983 1087 1098 1150 adicio:

127 1190 164 1253 V.
182 1191 255 1254 497.
279 1190 356 1253 Pars
380 1192 489 1272 trepidi
512 1193 591 1255 celso
614 1193 717 1255 inter
739 1193 801 1256 tela
829 1193 986 1255 cacumine
1009 1191 1129 1272 pendet.

129 1297 215 1359 VIII.
235 1297 307 1359 196.
333 1295 428 1376 Signa
451 1296 573 1378 pedum,
597 1297 732 1379 dumque
755 1298 865 1361 inter
888 1317 920 1361 se
943 1299 1096 1361 mIrantur
1119 1297 1158 1360 ab
1182 1298 1251 1360 alto.

176 1420 222 1483 De
247 1422 354 1500 quarto
378 1421 453 1501 pede
470 1422 639 1485 hexametri
654 1422 735 1485 idem
751 1422 832 1485 valet
847 1425 1043 1504 praeceptum
1067 1441 1103 1484 ac
1123 1421 1160 1484 de
1183 1421 1296 1502 primo:

82 1525 188 1590 minus
210 1526 311 1606 placet
335 1527 517 1589 vocabulum
541 1527 739 1608 spondiacum
769 1528 800 1591 in
830 1547 863 1591 eo
893 1528 1041 1591 collocari.
1096 1526 1162 1589 Hoc
1193 1528 1297 1589 autern

80 1633 156 1705 loce,
180 1635 216 1694 ut
238 1650 344 1694 nomm
367 1631 529 1707 fateamur,
554 1632 781 1697 concedendum
803 1636 849 1696 est
872 1633 977 1697 Iliadis
1001 1633 1178 1715 scriptorem
1203 1669 1243 1677 —-
1267 1631 1297 1693 id

82 1737 166 1819 quod
197 1755 318 1819 perraro
349 1738 396 1800 vel
425 1738 525 1818 potius
554 1739 690 1820 alioqum
718 1757 874 1820 nusquam
897 1739 1008 1803 accidit
1031 1775 1072 1784 -
1097 1738 1257 1802 severitate
1281 1756 1299 1801 a

83 1842 160 1907 Silio
192 1844 344 1924 superari3
375 1861 448 1905 narn
479 1862 550 1906 cum
579 1844 660 1925 apud
690 1846 773 1907 hunc
802 1847 913 1924 quarta
941 1844 1028 1908 sedes
1051 1845 1115 1907 419
1141 1843 1212 1906 locis
1237 1843 1299 1905 sive

79 1949 146 2012 fere
168 1948 312 2012 tricies
336 1948 546 2029 quinquies
569 1950 601 2012 In
623 1950 709 2012 mille
732 1949 869 2013 versibus
893 1949 1054 2030 spondiaco
1078 1953 1226 2030 occupata
1249 1949 1299 2022 sit,

80 2053 190 2117 Iliadis
214 2055 343 2135 scriptor
371 2054 640 2135 quadraginta
669 2073 732 2118 sex
754 2073 859 2117 versus
883 2055 1033 2118 eiusmodi
1055 2054 1136 2117 fecit.
1189 2053 1299 2117 Exstat

80 2160 179 2240 Igitur
202 2160 315 2241 aliquid
340 2160 607 2237 dissimilitudinis,
631 2179 822 2241 quamquam
844 2161 902 2223 hae
931 2161 962 2223 in
985 2179 1018 2223 re
1042 2159 1147 2223 Illadis
1171 2159 1299 2240 scriptor

82 2267 118 2328 in
141 2264 394 2347 vituperationem
417 2267 553 2330 incurrit

173 2388 209 2451 lu
233 2388 307 2469 pede
331 2389 436 2469 quinto
460 2392 589 2470 uterque
612 2408 682 2453 eam
704 2390 803 2470 legem
827 2391 922 2454 semel
944 2390 1076 2466 violavit,
1107 2408 1186 2471 qnae
1215 2391 1300 2452 vetat

83 2493 198 2558 thesim
221 2494 306 2576 pedis
331 2495 431 2576 quinti
447 2495 593 2558 vocabulo
609 2496 819 2578 pyrrhIchiaco
842 2497 920 2560 effici
940 2497 1139 2578 praecedente
1155 2495 1300 2559 vocabulo

83 2601 297 2682 anapaestico:
329 2599 382 2664 ofr.
407 2600 441 2663 ll.
459 2620 486 2664 v.
503 2602 567 2663 986
595 2605 718 2664 moueat
740 2604 796 2664 tua
818 2602 936 2665 Peleus.
973 2602 1049 2665 Pun.
1066 2602 1090 2664 I.
1109 2602 1159 2665 71.
1181 2601 1300 2682 patrius

82 2705 179 2769 furor.
215 2705 318 2769 Ortus.
352 2743 393 2756 -
423 2706 468 2769 De
493 2706 673 2769 Baehrensii
703 2707 878 2770 coniectura
907 2707 942 2771 ll.
967 2708 1060 2770 1031.
1091 2708 1175 2770 mitis
1206 2707 1302 2770 semel

84 2829 148 2885 orc,
171 2811 244 2892 quid
268 2813 308 2875 sit
331 2811 538 2887 iudinandum,
562 2811 625 2874 iam
648 2811 863 2896 DoeringiusI)
888 2813 1035 2894 exposuit.

369 3073 429 3143 IV.
453 3073 505 3141 lle
528 3075 696 3143 clausulis
718 3075 1018 3144 hexametrorum.

176 3218 421 3282 Usitatissimam
437 3218 524 3282 illam
539 3218 749 3281 clausularum
765 3219 905 3295 formam,
922 3221 1009 3284 cuius
1023 3220 1137 3301 species
1152 3222 1199 3282 est
1210 3219 1301 3282 haec:

469 3383 489 3390 ..
513 3371 534 3389 υ
569 3369 612 3387 vu
625 3370 689 3388 -υψ
702 3372 767 3389 ,νυ
779 3369 845 3390 ,νυ
860 3357 863 3410 Ι
877 3371 920 3390 -ν

85 3465 211 3546 utrIque
243 3465 380 3546 scriptori
411 3467 546 3529 maxime
577 3466 726 3547 placuisse
757 3467 835 3529 nihil
865 3469 920 3541 est,
945 3467 1025 3547 quod
1048 3465 1205 3540 miremur,
1230 3482 1303 3545 quo-

84 3571 173 3634 niam
195 3571 276 3633 hanc
299 3590 406 3635 omnes
429 3575 535 3652 poetae
559 3571 660 3634 Latini
683 3573 792 3635 ceteris
815 3571 1039 3653 praetulerunt.
1091 3570 1179 3633 Idem
1202 3570 1304 3632 dicen-

87 3676 163 3739 dum
187 3678 234 3740 est
256 3676 294 3740 de
317 3677 413 3739 altera
436 3677 607 3758 posthanc
630 3677 806 3756 gratissima
829 3677 977 3752 clausula,
1002 3695 1080 3757 quae
1105 3679 1169 3739 est:

553 3841 575 3848 ..
631 3828 696 3848 ..υυ
707 3825 772 3848 ..w
785 3814 867 3868 ,νῖν
881 3827 923 3846 „v

90 3921 299 4002 Quamobrem
325 3925 357 3987 tn
373 3925 484 3987 harum
499 3943 593 3987 usum
608 3923 783 3987 distInctins
799 3923 952 4004 inquirere
969 3941 1230 4004 supervacaneum
1246 3923 1303 3986 est.

318 4084 406 4091 „—

177 4172 197 4237 1)
218 4169 280 4223 Luc.
299 4169 419 4237 Mueller,
438 4169 462 4222 d.
482 4186 501 4221 r.
523 4185 556 4220 m.
576 4184 635 4236 pag.
649 4169 710 4223 217.
773 4169 793 4237 2)
812 4167 943 4221 dissertat.
963 4184 1023 4236 pag.
1044 4169 1067 4222 3.
