2910 4614
715 147 734 208 3

117 378 248 442 pugnae.
287 357 458 440 Numquid
482 359 530 433 sit,
554 376 610 421 cur
624 375 743 439 pugnas
765 357 922 421 mutemus
937 356 970 419 in
986 356 1121 432 ,tnrbas‘,
1144 376 1206 420 non
1225 356 1330 421 video:

120 485 218 546 neque
235 466 318 529 enirn
334 464 415 547 quod
429 465 462 527 in
476 463 647 527 llrmenrioi
662 463 793 545 epistula
808 463 847 526 ad
864 461 1090 545 Grimoldum1)
1107 463 1204 526 missa
1218 464 1331 543 legitur

120 576 266 646 turmas,
290 573 346 635 hoc
368 570 488 634 videtur
502 570 583 633 tanti
598 588 673 645 esse,
696 573 732 632 nt
747 570 885 649 neglecta
900 569 1041 633 omnium
1058 569 1198 632 codicum
1225 573 1331 634 ancto-

118 680 210 742 ritate
232 677 380 741 traditam
402 677 564 740 lectionem
586 674 842 756 derelinquamus,
881 675 1042 739 Praeterea
1057 676 1184 751 ,volvere
1200 681 1330 757 pugnas‘

119 786 255 867 proxime
279 783 396 847 accedit
419 783 458 846 ad
481 782 636 845 notionem
658 783 740 845 vocis
763 781 960 845 Homericae:
984 771 1163 868 drocrr'yrqv.

208 888 269 955 Sed
292 889 361 971 quis
384 888 510 952 tandem
532 887 590 951 luit
610 887 660 950 ille
676 887 827 951 Italicus?
851 923 892 934 -
914 886 996 951 Freti
1018 887 1222 970 parastichide
1245 887 1332 970 Scyl-

116 996 213 1060 fertus
237 998 268 1059 et
291 995 460 1059 Buecheler
482 993 550 1057 ausi
573 996 646 1057 sunt
668 993 820 1075 epitomen
841 993 907 1056 Γ111).
932 992 1004 1057 Silio
1020 993 1127 1058 Italico
1144 993 1331 1058 Punicorum

117 1102 258 1184 scriptori
273 1101 417 1174 tribuere,
433 1099 524 1180 idque
536 1099 619 1162 hand
631 1100 740 1180 inepte,
753 1118 826 1162 cnm
840 1101 1013 1181 temporum
1027 1100 1153 1175 ratione,
1170 1100 1251 1182 quod
1267 1101 1332 1165 iam

119 1207 282 1271 Plessisins
298 1205 477 1280 observavit,
494 1206 656 1286 quominus
671 1204 731 1268 11113
753 1205 825 1268 viris
846 1205 942 1268 doctis
967 1206 1180 1280 assentiamur,
1204 1206 1332 1271 minime

115 1312 331 1394 impediamur.
371 1309 568 1391 Quamquam
585 1313 692 1373 autem
713 1311 789 1374 haec
811 1311 985 1374 coniectura
1007 1312 1142 1374 multum
1162 1311 1332 1393 habetque

120 1417 360 1492 commendetur,
383 1435 442 1498 quo
464 1416 585 1480 facilins
601 1416 699 1497 specie
715 1416 851 1479 veritatis
868 1435 1036 1492 movemur,
1060 1436 1094 1481 eo
1111 1416 1332 1481 consideratius

119 1543 175 1588 nos
197 1524 230 1586 in
259 1522 537 1587 haccontrouersia
559 1541 649 1586 omne
672 1522 821 1586 cautionis
842 1541 939 1603 genus
963 1523 1105 1586 adhihere
1128 1541 1252 1586 necesse
1276 1527 1332 1587 est.

206 1647 313 1728 Neque
343 1645 479 1721 defuere,
509 1647 562 1727 qui
591 1645 721 1709 Iliadem
748 1664 766 1709 a
790 1645 863 1710 Silio
894 1646 1152 1723 abiudicaverint,
1180 1647 1331 1728 imprimis

120 1753 326 1817 Baehrensins
358 1757 389 1816 et
412 1752 588 1826 Plessisius,
617 1752 682 1826 ille,
713 1770 903 1833 quamquam
924 1752 1001 1816 falso
1023 1751 1148 1834 quidem
1170 1753 1332 1817 veritatem

118 1879 158 1924 -ex
189 1859 409 1941 epigrammate
444 1858 576 1939 quodam
606 1856 757 1920 Martialis
768 1858 791 1940 ²)
823 1858 958 1938 collegit,
989 1859 1039 1921 hic
1075 1858 1227 1922 distinctis
1260 1878 1334 1923 sane

119 1966 311 2046 argumentis
334 1983 395 2027 non
418 1963 535 2038 allatis3
559 1963 652 2025 nihilo
676 1962 778 2026 minus
801 1982 854 2044 ego
870 1963 981 2026 horum
996 1964 1130 2027 virorum
1147 1966 1332 2028 sententiam

120 2069 309 2153 probandam
343 2087 410 2132 esse
440 2069 540 2132 indico
572 2072 693 2150 propter
727 2068 945 2150 discrepantias
980 2068 1012 2131 in
1042 2069 1207 2133 eloontione
1238 2074 1269 2133 et
1299 2090 1333 2134 re

118 2177 250 2240 metrica
272 2176 433 2256 utriusque
456 2175 601 2238 carminis
625 2176 710 2238 sitas.

208 2280 364 2364 Opinionis
403 2280 543 2361 Seyfferti
581 2284 612 2345 et
646 2281 826 2345 Bueoheleri
864 2279 1031 2344 acerrimus
1071 2299 1170 2362 nuper
1215 2281 1333 2345 exstitit

118 2387 259 2451 defensor
281 2387 474 2467 Doeringius
499 2405 590 2467 quem
612 2387 701 2450 modo
725 2388 971 2461 commemoravi,
994 2387 1047 2468 qui
1066 2385 1176 2451 Silium
1200 2387 1333 2451 eundem

120 2511 189 2556 esse
212 2496 303 2574 atque
326 2480 433 2556 Iliadis
457 2493 635 2574 scriptorem
657 2511 778 2574 quoquo
801 2492 891 2556 modo
914 2493 1092 2556 confirmare
1116 2493 1250 2569 studuit,
1280 2494 1334 2557 sed

121 2599 161 2661 ad
192 2599 401 2680 quaestionem
428 2597 650 2681 profligandam
678 2617 746 2662 rneo
772 2598 885 2662 indicio
907 2599 984 2662 nihil
1007 2599 1119 2662 attuht
1165 2599 1203 2662 In
1233 2600 1335 2664 libello

120 2724 176 2768 sno
205 2705 367 2787 praecipue
396 2705 429 2767 in
456 2722 524 2767 eam
547 2704 715 2785 disputavit
738 2705 938 2778 sententiam,
967 2707 1004 2768 ut
1026 2707 1191 2780 statueret,
1221 2705 1334 2786 quihus

120 2811 194 2874 locis
210 2810 337 2873 Italicus
353 2809 392 2872 ab
415 2809 578 2873 Homerica
600 2809 773 2873 narratione
796 2810 989 2890 discreparet.
1033 2812 1134 2890 Atque
1157 2829 1196 2874 ne
1220 2810 1333 2874 Silium

120 2915 247 2998 quidem
269 2916 452 2998 primarium
476 2934 568 2977 sunm
592 2917 757 2991 auctorem,
780 2915 909 2989 livium,
933 2919 1076 2979 accurate
1100 2919 1240 2980 secutum
1257 2935 1334 2991 esse,

119 3040 195 3085 cum
221 3022 285 3084 iarn
313 3021 352 3084 ab
383 3021 450 3084 aliis
474 3020 644 3084 indicatum
669 3021 724 3097 sit,
755 3022 813 3084 hac
836 3040 871 3086 ex
893 3040 925 3085 re
948 3021 1096 3085 indicium
1119 3023 1251 3105 sumpsit
1274 3041 1334 3104 qno

120 3129 208 3191 nisus
241 3127 493 3209 disceptationem
522 3126 562 3189 ad
590 3127 683 3191 finem
712 3127 771 3191 sihi
801 3126 961 3191 videbatur
987 3128 1171 3209 perduxisse.
1217 3129 1335 3193 Revera

121 3237 228 3297 autem
251 3233 373 3297 orlata
401 3232 454 3296 illa
481 3235 575 3313 atque
598 3233 724 3296 verbosa
740 3233 944 3314 disputatione
959 3234 1117 3297 lucramur
1132 3234 1217 3298 nihil.
1251 3233 1335 3297 Nam

119 3339 153 3401 in
186 3337 423 3402 demonstrando
454 3338 559 3402 Iliadis
587 3338 768 3402 Homericae
798 3343 828 3401 et
855 3338 981 3402 Latinae
1012 3338 1187 3403 discrimine
1216 3340 1336 3403 ensist't

122 3444 259 3524 quaestio
292 3443 500 3520 subdifficilis,
528 3448 635 3507 utrum
656 3443 784 3507 Italicus
808 3443 936 3508 Homeri
957 3464 1065 3527 poema
1088 3445 1190 3525 ipsum
1213 3464 1336 3527 excerp-

122 3549 213 3626 serit,
242 3568 282 3613 an
305 3553 522 3629 argumentum
551 3550 675 3613 aliunde
710 3550 889 3631 sumpserlt;
924 3569 1020 3631 quam
1049 3553 1154 3613 autem
1183 3551 1334 3615 rationem

121 3655 280 3734 ingressus
303 3656 352 3730 sit,
377 3655 478 3719 adhnc
500 3655 638 3718 nondum
652 3656 684 3718 in
701 3660 804 3738 aperto
821 3658 877 3719 est.
908 3655 1000 3719 Silius
1020 3658 1126 3719 antem
1140 3675 1200 3719 non
1216 3676 1336 3739 semper

122 3761 252 3840 vestigia
282 3761 414 3824 auctoris
447 3761 495 3824 sui
524 3762 640 3836 tenuit,
670 3763 743 3843 quia
766 3780 873 3843 poema
896 3780 1074 3842 componere
1096 3762 1243 3837 intendit,
1274 3782 1334 3826 non

122 3885 173 3929 res
202 3869 306 3946 gestas
335 3867 500 3929 memoriae
531 3867 670 3948 prodere;
701 3868 901 3948 quamohrem
931 3886 1003 3929 cum
1032 3869 1132 3931 multa
1160 3869 1335 3950 inscriptis

128 3971 263 4035 Livianis
296 3972 323 4036 ei
345 3974 552 4046 occurrerent,
584 3991 661 4053 qnae
692 3972 732 4035 ad
753 3972 802 4047 id,
832 3972 915 4053 qnod
937 3973 1070 4037 carmine
1093 3974 1210 4038 efficere
1232 3974 1339 4050 voluit,

214 4201 234 4268 1)
254 4199 302 4258 nd,
321 4199 478 4253 Duemmler.
504 4199 580 4252 Halia
599 4198 727 4254 Saxonum
750 4201 824 4257 1873.
853 4218 913 4269 pag.
928 4205 968 4258 10.
1041 4206 1062 4271 ί1)
1080 4203 1171 4270 Epigr.
1184 4204 1245 4259 VII.
1258 4207 1300 4259 63.

1142 4293 1178 4356 1*
