<?xml version="1.0" encoding="UTF-8"?>
<!DOCTYPE html PUBLIC "-//W3C//DTD XHTML 1.0 Transitional//EN"
    "http://www.w3.org/TR/xhtml1/DTD/xhtml1-transitional.dtd">
<html xmlns="http://www.w3.org/1999/xhtml" xml:lang="en" lang="en">
 <head>
  <title>
</title>
<meta http-equiv="Content-Type" content="text/html;charset=utf-8" />
  <meta name='ocr-system' content='tesseract 3.04.00' />
  <meta name='ocr-capabilities' content='ocr_page ocr_carea ocr_par ocr_line ocrx_word'/>
</head>
<body>
  <div class='ocr_page' id='page_1' title='image "./detibsiliiitali00verrgoog_0015.png"; bbox 0 0 2910 4614; ppageno 0'>
   <div class='ocr_carea' id='block_1_1' title="bbox 720 115 740 178">
    <p class='ocr_par' dir='ltr' id='par_1_1' title="bbox 720 115 740 178">
     <span class='ocr_line' id='line_1_1' title="bbox 720 115 740 178; baseline 0 0"><span class='ocrx_word' id='word_1_1' title='bbox 720 115 740 178; x_wconf 82' lang='lat'><strong>6</strong></span> 
     </span>
    </p>
   </div>
   <div class='ocr_carea' id='block_1_2' title="bbox 126 322 1347 4104">
    <p class='ocr_par' dir='ltr' id='par_1_2' title="bbox 126 322 1342 618">
     <span class='ocr_line' id='line_1_2' title="bbox 126 322 1342 406; baseline 0 -22"><span class='ocrx_word' id='word_1_2' title='bbox 126 340 207 402; x_wconf 92' lang='lat' dir='ltr'>quae</span> <span class='ocrx_word' id='word_1_3' title='bbox 234 322 434 403; x_wconf 86' lang='lat' dir='ltr'>gravissimae</span> <span class='ocrx_word' id='word_1_4' title='bbox 457 327 530 388; x_wconf 92' lang='lat' dir='ltr'>sunt</span> <span class='ocrx_word' id='word_1_5' title='bbox 552 325 692 388; x_wconf 90' lang='lat' dir='ltr'>omnium</span> <span class='ocrx_word' id='word_1_6' title='bbox 721 325 922 399; x_wconf 84' lang='lat' dir='ltr'>locutionum,</span> <span class='ocrx_word' id='word_1_7' title='bbox 946 342 1041 406; x_wconf 90' lang='lat' dir='ltr'>quam</span> <span class='ocrx_word' id='word_1_8' title='bbox 1068 325 1182 388; x_wconf 87' lang='lat' dir='ltr'>temere</span> <span class='ocrx_word' id='word_1_9' title='bbox 1211 322 1342 386; x_wconf 79' lang='grc'><strong>1103010-</strong></span> 
     </span>
     <span class='ocr_line' id='line_1_3' title="bbox 126 427 1341 514; baseline 0.001 -24"><span class='ocrx_word' id='word_1_10' title='bbox 126 427 197 508; x_wconf 91' lang='lat' dir='ltr'>gius</span> <span class='ocrx_word' id='word_1_11' title='bbox 207 429 230 510; x_wconf 86' lang='grc'>1)</span> <span class='ocrx_word' id='word_1_12' title='bbox 255 429 456 511; x_wconf 77' lang='lat' dir='ltr'>disputaverit</span> <span class='ocrx_word' id='word_1_13' title='bbox 477 433 513 494; x_wconf 91' lang='lat' dir='ltr'>ut</span> <span class='ocrx_word' id='word_1_14' title='bbox 528 435 736 511; x_wconf 74' lang='lat' dir='ltr'>cognoscatur,</span> <span class='ocrx_word' id='word_1_15' title='bbox 759 450 796 496; x_wconf 89' lang='lat' dir='ltr'>ea</span> <span class='ocrx_word' id='word_1_16' title='bbox 811 430 965 514; x_wconf 86' lang='lat' dir='ltr'>respicias,</span> <span class='ocrx_word' id='word_1_17' title='bbox 989 449 1067 512; x_wconf 91' lang='lat' dir='ltr'>qnae</span> <span class='ocrx_word' id='word_1_18' title='bbox 1090 431 1124 492; x_wconf 93' lang='lat' dir='ltr'>in</span> <span class='ocrx_word' id='word_1_19' title='bbox 1139 431 1235 493; x_wconf 90' lang='lat' dir='ltr'>altera</span> <span class='ocrx_word' id='word_1_20' title='bbox 1250 431 1341 511; x_wconf 89' lang='lat' dir='ltr'>parte</span> 
     </span>
     <span class='ocr_line' id='line_1_4' title="bbox 127 534 590 618; baseline 0.009 -22"><span class='ocrx_word' id='word_1_21' title='bbox 127 534 166 598; x_wconf 93' lang='lat' dir='ltr'>de</span> <span class='ocrx_word' id='word_1_22' title='bbox 189 534 286 598; x_wconf 91' lang='lat' dir='ltr'>eisin</span> <span class='ocrx_word' id='word_1_23' title='bbox 309 535 447 599; x_wconf 89' lang='lat' dir='ltr'>medium</span> <span class='ocrx_word' id='word_1_24' title='bbox 469 537 590 618; x_wconf 88' lang='lat' dir='ltr'>protuli.</span> 
     </span>
    </p>

    <p class='ocr_par' dir='ltr' id='par_1_3' title="bbox 126 639 1345 1992">
     <span class='ocr_line' id='line_1_5' title="bbox 223 639 1341 722; baseline -0.002 -18"><span class='ocrx_word' id='word_1_25' title='bbox 223 639 284 704; x_wconf 85' lang='lat' dir='ltr'>Sed</span> <span class='ocrx_word' id='word_1_26' title='bbox 305 641 376 704; x_wconf 90' lang='lat' dir='ltr'>licet</span> <span class='ocrx_word' id='word_1_27' title='bbox 399 642 537 705; x_wconf 91' lang='lat' dir='ltr'>omnium</span> <span class='ocrx_word' id='word_1_28' title='bbox 559 643 712 706; x_wconf 83' lang='lat' dir='ltr'>maximus</span> <span class='ocrx_word' id='word_1_29' title='bbox 742 643 822 707; x_wconf 88' lang='lat' dir='ltr'>inter</span> <span class='ocrx_word' id='word_1_30' title='bbox 845 642 956 706; x_wconf 85' lang='lat' dir='ltr'>Silium</span> <span class='ocrx_word' id='word_1_31' title='bbox 978 645 1009 706; x_wconf 90' lang='lat' dir='ltr'>ct</span> <span class='ocrx_word' id='word_1_32' title='bbox 1031 640 1136 704; x_wconf 84' lang='lat' dir='ltr'>Iliadis</span> <span class='ocrx_word' id='word_1_33' title='bbox 1161 641 1341 722; x_wconf 73' lang='lat' dir='ltr'>scriptorem</span> 
     </span>
     <span class='ocr_line' id='line_1_6' title="bbox 126 746 1339 829; baseline -0.001 -20"><span class='ocrx_word' id='word_1_34' title='bbox 126 763 296 810; x_wconf 87' lang='lat' dir='ltr'>consensus</span> <span class='ocrx_word' id='word_1_35' title='bbox 311 746 490 824; x_wconf 83' lang='lat' dir='ltr'>intercedat,</span> <span class='ocrx_word' id='word_1_36' title='bbox 514 767 593 829; x_wconf 90' lang='lat' dir='ltr'>quae</span> <span class='ocrx_word' id='word_1_37' title='bbox 616 752 663 813; x_wconf 88' lang='lat' dir='ltr'>est</span> <span class='ocrx_word' id='word_1_38' title='bbox 685 767 779 812; x_wconf 90' lang='lat' dir='ltr'>causa</span> <span class='ocrx_word' id='word_1_39' title='bbox 794 749 885 812; x_wconf 92' lang='lat' dir='ltr'>huius</span> <span class='ocrx_word' id='word_1_40' title='bbox 905 749 973 813; x_wconf 82' lang='lat' dir='ltr'>rei‘?</span> <span class='ocrx_word' id='word_1_41' title='bbox 1009 747 1234 820; x_wconf 73' lang='lat' dir='ltr'>Manifestum,</span> <span class='ocrx_word' id='word_1_42' title='bbox 1258 746 1339 827; x_wconf 89' lang='lat' dir='ltr'>quod</span> 
     </span>
     <span class='ocr_line' id='line_1_7' title="bbox 128 853 1341 937; baseline 0 -23"><span class='ocrx_word' id='word_1_43' title='bbox 128 854 258 935; x_wconf 88' lang='lat' dir='ltr'>uterque</span> <span class='ocrx_word' id='word_1_44' title='bbox 280 853 351 933; x_wconf 90' lang='lat' dir='ltr'>plus</span> <span class='ocrx_word' id='word_1_45' title='bbox 374 854 461 917; x_wconf 91' lang='lat' dir='ltr'>solito</span> <span class='ocrx_word' id='word_1_46' title='bbox 484 872 520 918; x_wconf 87' lang='lat' dir='ltr'>cx</span> <span class='ocrx_word' id='word_1_47' title='bbox 543 854 658 918; x_wconf 90' lang='lat' dir='ltr'>eisdem</span> <span class='ocrx_word' id='word_1_48' title='bbox 680 855 776 937; x_wconf 91' lang='lat' dir='ltr'>poetis</span> <span class='ocrx_word' id='word_1_49' title='bbox 807 855 895 936; x_wconf 85' lang='lat' dir='ltr'>quasi</span> <span class='ocrx_word' id='word_1_50' title='bbox 918 874 953 919; x_wconf 85' lang='lat' dir='ltr'>ex</span> <span class='ocrx_word' id='word_1_51' title='bbox 976 853 1059 917; x_wconf 86' lang='lat' dir='ltr'>fonte</span> <span class='ocrx_word' id='word_1_52' title='bbox 1091 871 1127 917; x_wconf 88' lang='lat' dir='ltr'>ea</span> <span class='ocrx_word' id='word_1_53' title='bbox 1157 871 1236 934; x_wconf 89' lang='lat' dir='ltr'>quae</span> <span class='ocrx_word' id='word_1_54' title='bbox 1267 856 1341 933; x_wconf 90' lang='lat' dir='ltr'>apta</span> 
     </span>
     <span class='ocr_line' id='line_1_8' title="bbox 129 958 1341 1043; baseline 0.001 -24"><span class='ocrx_word' id='word_1_55' title='bbox 129 961 219 1021; x_wconf 90' lang='lat' dir='ltr'>erant</span> <span class='ocrx_word' id='word_1_56' title='bbox 241 959 415 1034; x_wconf 79' lang='lat' dir='ltr'>arcessivit3</span> <span class='ocrx_word' id='word_1_57' title='bbox 438 978 514 1023; x_wconf 92' lang='lat' dir='ltr'>nam</span> <span class='ocrx_word' id='word_1_58' title='bbox 535 963 573 1024; x_wconf 91' lang='lat' dir='ltr'>ut</span> <span class='ocrx_word' id='word_1_59' title='bbox 600 961 729 1043; x_wconf 88' lang='lat' dir='ltr'>quisque</span> <span class='ocrx_word' id='word_1_60' title='bbox 760 961 888 1042; x_wconf 88' lang='lat' dir='ltr'>scriptor</span> <span class='ocrx_word' id='word_1_61' title='bbox 913 960 1177 1040; x_wconf 84' lang='lat' dir='ltr'>ingeniosissimus</span> <span class='ocrx_word' id='word_1_62' title='bbox 1210 960 1266 1032; x_wconf 78' lang='lat' dir='ltr'>est,</span> <span class='ocrx_word' id='word_1_63' title='bbox 1296 958 1341 1020; x_wconf 91' lang='lat' dir='ltr'>ita</span> 
     </span>
     <span class='ocr_line' id='line_1_9' title="bbox 128 1063 1338 1147; baseline 0.001 -21"><span class='ocrx_word' id='word_1_64' title='bbox 128 1065 261 1127; x_wconf 84' lang='lat' dir='ltr'>maxime</span> <span class='ocrx_word' id='word_1_65' title='bbox 291 1083 347 1128; x_wconf 89' lang='lat' dir='ltr'>sua</span> <span class='ocrx_word' id='word_1_66' title='bbox 374 1065 470 1147; x_wconf 90' lang='lat' dir='ltr'>ipsius</span> <span class='ocrx_word' id='word_1_67' title='bbox 500 1067 631 1130; x_wconf 87' lang='lat' dir='ltr'>confisus</span> <span class='ocrx_word' id='word_1_68' title='bbox 667 1066 766 1130; x_wconf 94' lang='lat' dir='ltr'>indole</span> <span class='ocrx_word' id='word_1_69' title='bbox 801 1067 906 1130; x_wconf 89' lang='lat' dir='ltr'>alicnis</span> <span class='ocrx_word' id='word_1_70' title='bbox 939 1066 1025 1130; x_wconf 88' lang='lat' dir='ltr'>bonis</span> <span class='ocrx_word' id='word_1_71' title='bbox 1057 1065 1179 1145; x_wconf 90' lang='lat' dir='ltr'>gloriari</span> <span class='ocrx_word' id='word_1_72' title='bbox 1207 1063 1338 1128; x_wconf 88' lang='lat' dir='ltr'>desistit.</span> 
     </span>
     <span class='ocr_line' id='line_1_10' title="bbox 130 1167 1340 1254; baseline 0 -22"><span class='ocrx_word' id='word_1_73' title='bbox 130 1167 211 1233; x_wconf 82' lang='lat' dir='ltr'>Sunt</span> <span class='ocrx_word' id='word_1_74' title='bbox 233 1173 339 1234; x_wconf 88' lang='lat' dir='ltr'>autem</span> <span class='ocrx_word' id='word_1_75' title='bbox 361 1171 392 1247; x_wconf 84' lang='lat' dir='ltr'>ii,</span> <span class='ocrx_word' id='word_1_76' title='bbox 415 1171 452 1234; x_wconf 93' lang='lat' dir='ltr'>de</span> <span class='ocrx_word' id='word_1_77' title='bbox 475 1172 585 1254; x_wconf 91' lang='lat' dir='ltr'>quihus</span> <span class='ocrx_word' id='word_1_78' title='bbox 610 1191 709 1236; x_wconf 91' lang='lat' dir='ltr'>sermo</span> <span class='ocrx_word' id='word_1_79' title='bbox 732 1175 788 1245; x_wconf 81' lang='lat' dir='ltr'>est,</span> <span class='ocrx_word' id='word_1_80' title='bbox 819 1174 894 1236; x_wconf 91' lang='lat' dir='ltr'>satis</span> <span class='ocrx_word' id='word_1_81' title='bbox 925 1171 1085 1236; x_wconf 89' lang='lat' dir='ltr'>mediocris</span> <span class='ocrx_word' id='word_1_82' title='bbox 1108 1171 1222 1251; x_wconf 87' lang='lat' dir='ltr'>ingenii</span> <span class='ocrx_word' id='word_1_83' title='bbox 1245 1173 1340 1250; x_wconf 89' lang='lat' dir='ltr'>atque</span> 
     </span>
     <span class='ocr_line' id='line_1_11' title="bbox 128 1276 1344 1359; baseline -0.002 -21"><span class='ocrx_word' id='word_1_84' title='bbox 128 1276 269 1339; x_wconf 89' lang='lat' dir='ltr'>omnium</span> <span class='ocrx_word' id='word_1_85' title='bbox 291 1294 367 1358; x_wconf 89' lang='lat' dir='ltr'>qnos</span> <span class='ocrx_word' id='word_1_86' title='bbox 386 1277 568 1357; x_wconf 90' lang='lat' dir='ltr'>Doeringius</span> <span class='ocrx_word' id='word_1_87' title='bbox 589 1277 720 1359; x_wconf 80' lang='lat' dir='ltr'>inspexit</span> <span class='ocrx_word' id='word_1_88' title='bbox 743 1279 806 1341; x_wconf 89' lang='lat' dir='ltr'>sinc</span> <span class='ocrx_word' id='word_1_89' title='bbox 830 1277 921 1341; x_wconf 91' lang='lat' dir='ltr'>dnbio</span> <span class='ocrx_word' id='word_1_90' title='bbox 943 1277 1077 1341; x_wconf 81' lang='lat' dir='ltr'>maxime</span> <span class='ocrx_word' id='word_1_91' title='bbox 1099 1276 1214 1357; x_wconf 89' lang='lat' dir='ltr'>ingenii</span> <span class='ocrx_word' id='word_1_92' title='bbox 1237 1293 1344 1356; x_wconf 82' lang='lat' dir='ltr'>exper-</span> 
     </span>
     <span class='ocr_line' id='line_1_12' title="bbox 128 1380 1340 1465; baseline -0.002 -21"><span class='ocrx_word' id='word_1_93' title='bbox 128 1385 189 1445; x_wconf 79' lang='lat' dir='ltr'>tes</span> <span class='ocrx_word' id='word_1_94' title='bbox 231 1382 340 1464; x_wconf 91' lang='lat' dir='ltr'>Itaque</span> <span class='ocrx_word' id='word_1_95' title='bbox 363 1401 436 1446; x_wconf 92' lang='lat' dir='ltr'>curn</span> <span class='ocrx_word' id='word_1_96' title='bbox 458 1382 563 1446; x_wconf 90' lang='lat' dir='ltr'>Iliadis</span> <span class='ocrx_word' id='word_1_97' title='bbox 587 1384 714 1465; x_wconf 90' lang='lat' dir='ltr'>scriptor</span> <span class='ocrx_word' id='word_1_98' title='bbox 735 1384 891 1448; x_wconf 88' lang='lat' dir='ltr'>neminem</span> <span class='ocrx_word' id='word_1_99' title='bbox 921 1382 983 1447; x_wconf 85' lang='lat' dir='ltr'>fere</span> <span class='ocrx_word' id='word_1_100' title='bbox 1012 1383 1153 1445; x_wconf 88' lang='lat' dir='ltr'>imitatus</span> <span class='ocrx_word' id='word_1_101' title='bbox 1177 1384 1258 1445; x_wconf 91' lang='lat' dir='ltr'>esset</span> <span class='ocrx_word' id='word_1_102' title='bbox 1279 1380 1340 1443; x_wconf 92' lang='lat' dir='ltr'>nisi</span> 
     </span>
     <span class='ocr_line' id='line_1_13' title="bbox 129 1486 1344 1571; baseline -0.001 -22"><span class='ocrx_word' id='word_1_103' title='bbox 129 1486 299 1568; x_wconf 86' lang='lat' dir='ltr'>Vergilium</span> <span class='ocrx_word' id='word_1_104' title='bbox 328 1491 359 1552; x_wconf 90' lang='lat' dir='ltr'>et</span> <span class='ocrx_word' id='word_1_105' title='bbox 390 1487 543 1559; x_wconf 81' lang='lat' dir='ltr'>Ovidium,</span> <span class='ocrx_word' id='word_1_106' title='bbox 574 1489 611 1553; x_wconf 91' lang='lat' dir='ltr'>de</span> <span class='ocrx_word' id='word_1_107' title='bbox 642 1490 753 1570; x_wconf 91' lang='lat' dir='ltr'>quibus</span> <span class='ocrx_word' id='word_1_108' title='bbox 781 1508 886 1552; x_wconf 90' lang='lat' dir='ltr'>omnes</span> <span class='ocrx_word' id='word_1_109' title='bbox 909 1491 1015 1571; x_wconf 91' lang='lat' dir='ltr'>poetae</span> <span class='ocrx_word' id='word_1_110' title='bbox 1038 1487 1216 1571; x_wconf 84' lang='lat' dir='ltr'>posteriores</span> <span class='ocrx_word' id='word_1_111' title='bbox 1240 1505 1344 1550; x_wconf 87' lang='lat' dir='ltr'>exem·</span> 
     </span>
     <span class='ocr_line' id='line_1_14' title="bbox 127 1593 1339 1675; baseline -0.001 -20"><span class='ocrx_word' id='word_1_112' title='bbox 127 1593 216 1675; x_wconf 91' lang='lat' dir='ltr'>plum</span> <span class='ocrx_word' id='word_1_113' title='bbox 250 1595 410 1675; x_wconf 83' lang='lat' dir='ltr'>ceperunt,</span> <span class='ocrx_word' id='word_1_114' title='bbox 440 1594 558 1658; x_wconf 86' lang='lat' dir='ltr'>factum</span> <span class='ocrx_word' id='word_1_115' title='bbox 592 1597 638 1658; x_wconf 91' lang='lat' dir='ltr'>est</span> <span class='ocrx_word' id='word_1_116' title='bbox 669 1598 706 1659; x_wconf 91' lang='lat' dir='ltr'>ut</span> <span class='ocrx_word' id='word_1_117' title='bbox 737 1597 782 1658; x_wconf 91' lang='lat' dir='ltr'>tot</span> <span class='ocrx_word' id='word_1_118' title='bbox 813 1599 931 1660; x_wconf 83' lang='lat' dir='ltr'>exstent</span> <span class='ocrx_word' id='word_1_119' title='bbox 961 1593 1177 1658; x_wconf 87' lang='lat' dir='ltr'>similitudines</span> <span class='ocrx_word' id='word_1_120' title='bbox 1207 1612 1279 1655; x_wconf 90' lang='lat' dir='ltr'>curn</span> <span class='ocrx_word' id='word_1_121' title='bbox 1307 1593 1339 1654; x_wconf 93' lang='lat' dir='ltr'>in</span> 
     </span>
     <span class='ocr_line' id='line_1_15' title="bbox 127 1697 1344 1783; baseline -0.001 -21"><span class='ocrx_word' id='word_1_122' title='bbox 127 1699 270 1763; x_wconf 87' lang='lat' dir='ltr'>universa</span> <span class='ocrx_word' id='word_1_123' title='bbox 293 1700 377 1781; x_wconf 89' lang='lat' dir='ltr'>poesi</span> <span class='ocrx_word' id='word_1_124' title='bbox 398 1700 483 1781; x_wconf 87' lang='lat' dir='ltr'>cpica</span> <span class='ocrx_word' id='word_1_125' title='bbox 499 1700 709 1763; x_wconf 86' lang='lat' dir='ltr'>Romanorum</span> <span class='ocrx_word' id='word_1_126' title='bbox 730 1703 799 1764; x_wconf 92' lang='lat' dir='ltr'>tum</span> <span class='ocrx_word' id='word_1_127' title='bbox 822 1700 904 1783; x_wconf 91' lang='lat' dir='ltr'>apud</span> <span class='ocrx_word' id='word_1_128' title='bbox 918 1701 1025 1763; x_wconf 89' lang='lat' dir='ltr'>Iliadis</span> <span class='ocrx_word' id='word_1_129' title='bbox 1041 1700 1220 1781; x_wconf 88' lang='lat' dir='ltr'>scriptorem</span> <span class='ocrx_word' id='word_1_130' title='bbox 1244 1701 1276 1762; x_wconf 87' lang='lat' dir='ltr'>et</span> <span class='ocrx_word' id='word_1_131' title='bbox 1294 1697 1344 1761; x_wconf 86' lang='lat' dir='ltr'>Si·</span> 
     </span>
     <span class='ocr_line' id='line_1_16' title="bbox 129 1802 1345 1888; baseline -0.001 -21"><span class='ocrx_word' id='word_1_132' title='bbox 129 1805 216 1881; x_wconf 83' lang='lat' dir='ltr'>lium,</span> <span class='ocrx_word' id='word_1_133' title='bbox 241 1805 375 1881; x_wconf 80' lang='lat' dir='ltr'>simiam,</span> <span class='ocrx_word' id='word_1_134' title='bbox 397 1808 434 1869; x_wconf 93' lang='lat' dir='ltr'>ut</span> <span class='ocrx_word' id='word_1_135' title='bbox 456 1806 643 1888; x_wconf 90' lang='lat' dir='ltr'>quibusdam</span> <span class='ocrx_word' id='word_1_136' title='bbox 665 1825 738 1870; x_wconf 88' lang='lat' dir='ltr'>eum</span> <span class='ocrx_word' id='word_1_137' title='bbox 765 1808 922 1870; x_wconf 91' lang='lat' dir='ltr'>nominare</span> <span class='ocrx_word' id='word_1_138' title='bbox 945 1807 1028 1881; x_wconf 85' lang='lat' dir='ltr'>libet,</span> <span class='ocrx_word' id='word_1_139' title='bbox 1052 1805 1185 1886; x_wconf 82' lang='lat' dir='ltr'>Vergilii.</span> <span class='ocrx_word' id='word_1_140' title='bbox 1226 1802 1345 1883; x_wconf 78' lang='lat' dir='ltr'>Quam·</span> 
     </span>
     <span class='ocr_line' id='line_1_17' title="bbox 128 1910 1343 1992; baseline -0.002 -18"><span class='ocrx_word' id='word_1_141' title='bbox 128 1912 234 1974; x_wconf 91' lang='lat' dir='ltr'>obrem</span> <span class='ocrx_word' id='word_1_142' title='bbox 257 1912 313 1975; x_wconf 90' lang='lat' dir='ltr'>hcc</span> <span class='ocrx_word' id='word_1_143' title='bbox 336 1914 555 1991; x_wconf 86' lang='lat' dir='ltr'>argumentum</span> <span class='ocrx_word' id='word_1_144' title='bbox 577 1912 744 1976; x_wconf 86' lang='lat' dir='ltr'>admodum</span> <span class='ocrx_word' id='word_1_145' title='bbox 769 1914 801 1976; x_wconf 94' lang='lat' dir='ltr'>in</span> <span class='ocrx_word' id='word_1_146' title='bbox 825 1912 916 1976; x_wconf 89' lang='lat' dir='ltr'>dubio</span> <span class='ocrx_word' id='word_1_147' title='bbox 939 1912 1070 1992; x_wconf 88' lang='lat' dir='ltr'>relinqui</span> <span class='ocrx_word' id='word_1_148' title='bbox 1092 1930 1182 1975; x_wconf 91' lang='lat' dir='ltr'>nemo</span> <span class='ocrx_word' id='word_1_149' title='bbox 1205 1910 1343 1991; x_wconf 90' lang='lat' dir='ltr'>negabit.</span> 
     </span>
    </p>

    <p class='ocr_par' dir='ltr' id='par_1_4' title="bbox 129 2015 1344 2629">
     <span class='ocr_line' id='line_1_18' title="bbox 220 2015 1343 2101; baseline -0.003 -21"><span class='ocrx_word' id='word_1_150' title='bbox 220 2015 305 2096; x_wconf 82' lang='lat' dir='ltr'>Quae</span> <span class='ocrx_word' id='word_1_151' title='bbox 327 2036 399 2080; x_wconf 91' lang='lat' dir='ltr'>cum</span> <span class='ocrx_word' id='word_1_152' title='bbox 421 2018 466 2082; x_wconf 89' lang='lat' dir='ltr'>ita</span> <span class='ocrx_word' id='word_1_153' title='bbox 490 2018 559 2094; x_wconf 83' lang='lat' dir='ltr'>sint,</span> <span class='ocrx_word' id='word_1_154' title='bbox 582 2021 618 2082; x_wconf 92' lang='lat' dir='ltr'>nt</span> <span class='ocrx_word' id='word_1_155' title='bbox 640 2019 684 2082; x_wconf 93' lang='lat' dir='ltr'>rei</span> <span class='ocrx_word' id='word_1_156' title='bbox 706 2019 875 2101; x_wconf 90' lang='lat' dir='ltr'>propositae</span> <span class='ocrx_word' id='word_1_157' title='bbox 896 2020 1002 2080; x_wconf 88' lang='lat' dir='ltr'>lumen</span> <span class='ocrx_word' id='word_1_158' title='bbox 1031 2017 1240 2090; x_wconf 76' lang='lat' dir='ltr'>adhibeamus</span> <span class='ocrx_word' id='word_1_159' title='bbox 1269 2016 1343 2078; x_wconf 90' lang='lat' dir='ltr'>nihil</span> 
     </span>
     <span class='ocr_line' id='line_1_19' title="bbox 129 2120 1344 2206; baseline -0.003 -19"><span class='ocrx_word' id='word_1_160' title='bbox 129 2126 236 2199; x_wconf 80' lang='lat' dir='ltr'>restat,</span> <span class='ocrx_word' id='word_1_161' title='bbox 258 2124 319 2187; x_wconf 91' lang='lat' dir='ltr'>nisi</span> <span class='ocrx_word' id='word_1_162' title='bbox 341 2127 377 2188; x_wconf 91' lang='lat' dir='ltr'>ut</span> <span class='ocrx_word' id='word_1_163' title='bbox 399 2125 553 2206; x_wconf 88' lang='lat' dir='ltr'>propriam</span> <span class='ocrx_word' id='word_1_164' title='bbox 574 2124 735 2205; x_wconf 87' lang='lat' dir='ltr'>utriusque</span> <span class='ocrx_word' id='word_1_165' title='bbox 754 2123 906 2206; x_wconf 90' lang='lat' dir='ltr'>scriptoris</span> <span class='ocrx_word' id='word_1_166' title='bbox 922 2122 1176 2187; x_wconf 87' lang='lat' dir='ltr'>consuetudinem</span> <span class='ocrx_word' id='word_1_167' title='bbox 1198 2120 1344 2202; x_wconf 90' lang='lat' dir='ltr'>loquendi</span> 
     </span>
     <span class='ocr_line' id='line_1_20' title="bbox 129 2227 1344 2311; baseline -0.003 -19"><span class='ocrx_word' id='word_1_168' title='bbox 129 2230 316 2311; x_wconf 87' lang='lat' dir='ltr'>explicemus</span> <span class='ocrx_word' id='word_1_169' title='bbox 339 2231 370 2293; x_wconf 90' lang='lat' dir='ltr'>et</span> <span class='ocrx_word' id='word_1_170' title='bbox 392 2230 471 2293; x_wconf 87' lang='lat' dir='ltr'>hanc</span> <span class='ocrx_word' id='word_1_171' title='bbox 494 2231 576 2292; x_wconf 88' lang='lat' dir='ltr'>viam</span> <span class='ocrx_word' id='word_1_172' title='bbox 599 2229 730 2310; x_wconf 88' lang='lat' dir='ltr'>ingressi</span> <span class='ocrx_word' id='word_1_173' title='bbox 752 2248 905 2304; x_wconf 84' lang='lat' dir='ltr'>conemur,</span> <span class='ocrx_word' id='word_1_174' title='bbox 936 2229 963 2292; x_wconf 91' lang='lat' dir='ltr'>si</span> <span class='ocrx_word' id='word_1_175' title='bbox 993 2229 1069 2292; x_wconf 86' lang='lat' dir='ltr'>forte</span> <span class='ocrx_word' id='word_1_176' title='bbox 1101 2248 1117 2293; x_wconf 91' lang='lat' dir='ltr'>e</span> <span class='ocrx_word' id='word_1_177' title='bbox 1140 2228 1196 2291; x_wconf 89' lang='lat' dir='ltr'>tali</span> <span class='ocrx_word' id='word_1_178' title='bbox 1217 2227 1344 2291; x_wconf 84' lang='lat' dir='ltr'>investi·</span> 
     </span>
     <span class='ocr_line' id='line_1_21' title="bbox 130 2333 1344 2417; baseline -0.002 -19"><span class='ocrx_word' id='word_1_179' title='bbox 130 2336 254 2416; x_wconf 86' lang='lat' dir='ltr'>gaticne</span> <span class='ocrx_word' id='word_1_180' title='bbox 277 2334 412 2415; x_wconf 90' lang='lat' dir='ltr'>aliquem</span> <span class='ocrx_word' id='word_1_181' title='bbox 438 2334 575 2399; x_wconf 87' lang='lat' dir='ltr'>fructum</span> <span class='ocrx_word' id='word_1_182' title='bbox 603 2336 755 2417; x_wconf 86' lang='lat' dir='ltr'>percipere</span> <span class='ocrx_word' id='word_1_183' title='bbox 785 2336 948 2417; x_wconf 91' lang='lat' dir='ltr'>possimus.</span> <span class='ocrx_word' id='word_1_184' title='bbox 1000 2334 1081 2398; x_wconf 83' lang='lat' dir='ltr'>Turn</span> <span class='ocrx_word' id='word_1_185' title='bbox 1111 2337 1217 2397; x_wconf 91' lang='lat' dir='ltr'>antem</span> <span class='ocrx_word' id='word_1_186' title='bbox 1244 2333 1344 2397; x_wconf 87' lang='lat' dir='ltr'>diver·</span> 
     </span>
     <span class='ocr_line' id='line_1_22' title="bbox 131 2429 1341 2522; baseline -0.002 -18"><span class='ocrx_word' id='word_1_187' title='bbox 131 2443 207 2504; x_wconf 89' lang='lat' dir='ltr'>sitas</span> <span class='ocrx_word' id='word_1_188' title='bbox 229 2440 273 2503; x_wconf 91' lang='lat' dir='ltr'>rei</span> <span class='ocrx_word' id='word_1_189' title='bbox 295 2439 440 2504; x_wconf 90' lang='lat' dir='ltr'>metricae</span> <span class='ocrx_word' id='word_1_190' title='bbox 464 2443 550 2504; x_wconf 87' lang='lat' dir='ltr'>tanta</span> <span class='ocrx_word' id='word_1_191' title='bbox 581 2429 706 2516; x_wconf 76' lang='lat' dir='ltr'>estut</span> <span class='ocrx_word' id='word_1_192' title='bbox 736 2441 834 2504; x_wconf 88' lang='lat' dir='ltr'>sclam</span> <span class='ocrx_word' id='word_1_193' title='bbox 864 2441 902 2504; x_wconf 88' lang='lat' dir='ltr'>ob</span> <span class='ocrx_word' id='word_1_194' title='bbox 932 2459 1001 2504; x_wconf 92' lang='lat' dir='ltr'>eam</span> <span class='ocrx_word' id='word_1_195' title='bbox 1030 2458 1157 2504; x_wconf 90' lang='lat' dir='ltr'>causam</span> <span class='ocrx_word' id='word_1_196' title='bbox 1187 2441 1341 2522; x_wconf 86' lang='lat' dir='ltr'>epitomen</span> 
     </span>
     <span class='ocr_line' id='line_1_23' title="bbox 131 2544 735 2629; baseline 0 -19"><span class='ocrx_word' id='word_1_197' title='bbox 131 2565 150 2610; x_wconf 91' lang='lat' dir='ltr'>a</span> <span class='ocrx_word' id='word_1_198' title='bbox 174 2545 249 2610; x_wconf 87' lang='lat' dir='ltr'>Silio</span> <span class='ocrx_word' id='word_1_199' title='bbox 273 2544 509 2609; x_wconf 89' lang='lat' dir='ltr'>abiudioaudam</span> <span class='ocrx_word' id='word_1_200' title='bbox 531 2565 597 2610; x_wconf 91' lang='lat' dir='ltr'>esse</span> <span class='ocrx_word' id='word_1_201' title='bbox 620 2549 735 2629; x_wconf 90' lang='lat' dir='ltr'>putem.</span> 
     </span>
    </p>

    <p class='ocr_par' dir='ltr' id='par_1_5' title="bbox 128 2649 1347 4104">
     <span class='ocr_line' id='line_1_24' title="bbox 149 2649 1342 2734; baseline -0.001 -20"><span class='ocrx_word' id='word_1_202' title='bbox 149 2665 153 2672; x_wconf 85' lang='lat'>·</span> <span class='ocrx_word' id='word_1_203' title='bbox 220 2651 372 2733; x_wconf 83' lang='lat' dir='ltr'>Equidem</span> <span class='ocrx_word' id='word_1_204' title='bbox 384 2649 710 2716; x_wconf 85' lang='lat' dir='ltr'>lldnardchclfflino</span> <span class='ocrx_word' id='word_1_205' title='bbox 732 2671 856 2734; x_wconf 92' lang='lat' dir='ltr'>prorsus</span> <span class='ocrx_word' id='word_1_206' title='bbox 880 2651 1058 2734; x_wconf 83' lang='lat' dir='ltr'>adstipulor‚</span> <span class='ocrx_word' id='word_1_207' title='bbox 1083 2652 1136 2734; x_wconf 91' lang='lat' dir='ltr'>qui</span> <span class='ocrx_word' id='word_1_208' title='bbox 1158 2652 1232 2715; x_wconf 89' lang='lat' dir='ltr'>olim</span> <span class='ocrx_word' id='word_1_209' title='bbox 1253 2651 1286 2714; x_wconf 93' lang='lat' dir='ltr'>in</span> <span class='ocrx_word' id='word_1_210' title='bbox 1302 2651 1342 2713; x_wconf 91' lang='lat' dir='ltr'>si·</span> 
     </span>
     <span class='ocr_line' id='line_1_25' title="bbox 130 2756 1341 2841; baseline -0.001 -22"><span class='ocrx_word' id='word_1_211' title='bbox 130 2757 197 2820; x_wconf 90' lang='lat' dir='ltr'>mili</span> <span class='ocrx_word' id='word_1_212' title='bbox 213 2757 389 2838; x_wconf 90' lang='lat' dir='ltr'>quaestione</span> <span class='ocrx_word' id='word_1_213' title='bbox 399 2757 423 2839; x_wconf 63' lang='grc'>1)</span> <span class='ocrx_word' id='word_1_214' title='bbox 446 2757 603 2840; x_wconf 86' lang='lat' dir='ltr'>praefatus</span> <span class='ocrx_word' id='word_1_215' title='bbox 626 2761 674 2822; x_wconf 88' lang='lat' dir='ltr'>est</span> <span class='ocrx_word' id='word_1_216' title='bbox 695 2759 786 2822; x_wconf 90' lang='lat' dir='ltr'>haec:</span> <span class='ocrx_word' id='word_1_217' title='bbox 812 2757 899 2841; x_wconf 83' lang='lat' dir='ltr'>„Wie</span> <span class='ocrx_word' id='word_1_218' title='bbox 918 2759 967 2822; x_wconf 88' lang='lat' dir='ltr'>cin</span> <span class='ocrx_word' id='word_1_219' title='bbox 984 2756 1129 2822; x_wconf 83' lang='lat' dir='ltr'>Gemalde</span> <span class='ocrx_word' id='word_1_220' title='bbox 1148 2758 1251 2821; x_wconf 91' lang='lat' dir='ltr'>seinen</span> <span class='ocrx_word' id='word_1_221' title='bbox 1265 2756 1341 2820; x_wconf 90' lang='lat' dir='ltr'>Mei-</span> 
     </span>
     <span class='ocr_line' id='line_1_26' title="bbox 130 2862 1343 2938; baseline -0.001 -12"><span class='ocrx_word' id='word_1_222' title='bbox 130 2869 195 2926; x_wconf 87' lang='lat' dir='ltr'>ster</span> <span class='ocrx_word' id='word_1_223' title='bbox 216 2863 347 2938; x_wconf 77' lang='lat' dir='ltr'>semath,</span> <span class='ocrx_word' id='word_1_224' title='bbox 371 2862 443 2926; x_wconf 86' lang='lat' dir='ltr'>oder</span> <span class='ocrx_word' id='word_1_225' title='bbox 465 2864 655 2928; x_wconf 86' lang='lat' dir='ltr'>mindestens</span> <span class='ocrx_word' id='word_1_226' title='bbox 679 2864 727 2929; x_wconf 87' lang='lat' dir='ltr'>die</span> <span class='ocrx_word' id='word_1_227' title='bbox 751 2863 871 2938; x_wconf 78' lang='lat' dir='ltr'>Schule</span> <span class='ocrx_word' id='word_1_228' title='bbox 894 2863 948 2928; x_wconf 91' lang='lat' dir='ltr'>der</span> <span class='ocrx_word' id='word_1_229' title='bbox 970 2883 1002 2927; x_wconf 92' lang='lat' dir='ltr'>es</span> <span class='ocrx_word' id='word_1_230' title='bbox 1026 2866 1208 2927; x_wconf 86' lang='lat' dir='ltr'>entstammt</span> <span class='ocrx_word' id='word_1_231' title='bbox 1230 2863 1284 2937; x_wconf 85' lang='lat' dir='ltr'>ist,</span> <span class='ocrx_word' id='word_1_232' title='bbox 1309 2881 1343 2925; x_wconf 93' lang='lat' dir='ltr'>so</span> 
     </span>
     <span class='ocr_line' id='line_1_27' title="bbox 129 2967 1341 3050; baseline 0 -19"><span class='ocrx_word' id='word_1_233' title='bbox 129 2968 212 3032; x_wconf 87' lang='lat' dir='ltr'>muls</span> <span class='ocrx_word' id='word_1_234' title='bbox 235 2969 314 3031; x_wconf 90' lang='lat' dir='ltr'>auch</span> <span class='ocrx_word' id='word_1_235' title='bbox 338 2968 386 3033; x_wconf 91' lang='lat' dir='ltr'>die</span> <span class='ocrx_word' id='word_1_236' title='bbox 410 2967 542 3050; x_wconf 88' lang='lat' dir='ltr'>Sprache</span> <span class='ocrx_word' id='word_1_237' title='bbox 564 2969 629 3032; x_wconf 91' lang='lat' dir='ltr'>und</span> <span class='ocrx_word' id='word_1_238' title='bbox 651 2968 705 3033; x_wconf 88' lang='lat' dir='ltr'>der</span> <span class='ocrx_word' id='word_1_239' title='bbox 728 2969 803 3033; x_wconf 91' lang='lat' dir='ltr'>Vers</span> <span class='ocrx_word' id='word_1_240' title='bbox 827 2970 873 3033; x_wconf 88' lang='lat' dir='ltr'>als</span> <span class='ocrx_word' id='word_1_241' title='bbox 897 2970 947 3033; x_wconf 89' lang='lat' dir='ltr'>ein</span> <span class='ocrx_word' id='word_1_242' title='bbox 962 2968 1138 3049; x_wconf 83' lang='lat' dir='ltr'>llrzeugnils</span> <span class='ocrx_word' id='word_1_243' title='bbox 1160 2969 1214 3032; x_wconf 91' lang='lat' dir='ltr'>der</span> <span class='ocrx_word' id='word_1_244' title='bbox 1236 2968 1341 3031; x_wconf 87' lang='lat' dir='ltr'>Kunst</span> 
     </span>
     <span class='ocr_line' id='line_1_28' title="bbox 130 3073 1341 3154; baseline -0.002 -16"><span class='ocrx_word' id='word_1_245' title='bbox 130 3074 190 3138; x_wconf 92' lang='lat' dir='ltr'>den</span> <span class='ocrx_word' id='word_1_246' title='bbox 219 3074 357 3138; x_wconf 88' lang='lat' dir='ltr'>Urheber</span> <span class='ocrx_word' id='word_1_247' title='bbox 386 3073 440 3138; x_wconf 86' lang='lat' dir='ltr'>der</span> <span class='ocrx_word' id='word_1_248' title='bbox 469 3074 573 3139; x_wconf 89' lang='lat' dir='ltr'>Poesie</span> <span class='ocrx_word' id='word_1_249' title='bbox 601 3075 666 3138; x_wconf 92' lang='lat' dir='ltr'>und</span> <span class='ocrx_word' id='word_1_250' title='bbox 699 3074 748 3139; x_wconf 92' lang='lat' dir='ltr'>die</span> <span class='ocrx_word' id='word_1_251' title='bbox 777 3075 842 3138; x_wconf 88' lang='lat' dir='ltr'>Zeit</span> <span class='ocrx_word' id='word_1_252' title='bbox 878 3074 933 3139; x_wconf 87' lang='lat' dir='ltr'>der</span> <span class='ocrx_word' id='word_1_253' title='bbox 961 3074 1156 3154; x_wconf 83' lang='lat' dir='ltr'>Entstehung</span> <span class='ocrx_word' id='word_1_254' title='bbox 1188 3075 1341 3138; x_wconf 85' lang='lat' dir='ltr'>erkennen</span> 
     </span>
     <span class='ocr_line' id='line_1_29' title="bbox 129 3179 1341 3261; baseline -0.001 -19"><span class='ocrx_word' id='word_1_255' title='bbox 129 3181 233 3244; x_wconf 89' lang='lat' dir='ltr'>lassen</span> <span class='ocrx_word' id='word_1_256' title='bbox 256 3229 263 3243; x_wconf 93' lang='lat'><strong><em>.</em></strong></span> <span class='ocrx_word' id='word_1_257' title='bbox 288 3228 295 3242; x_wconf 94' lang='lat'><strong>.</strong></span> <span class='ocrx_word' id='word_1_258' title='bbox 319 3229 326 3244; x_wconf 87' lang='lat'><em>.</em></span> <span class='ocrx_word' id='word_1_259' title='bbox 351 3229 358 3244; x_wconf 93' lang='lat'><strong>.</strong></span> <span class='ocrx_word' id='word_1_260' title='bbox 390 3179 446 3261; x_wconf 88' lang='lat' dir='ltr'>(es)</span> <span class='ocrx_word' id='word_1_261' title='bbox 475 3183 584 3260; x_wconf 82' lang='lat' dir='ltr'>tragon</span> <span class='ocrx_word' id='word_1_262' title='bbox 612 3181 790 3261; x_wconf 89' lang='lat' dir='ltr'>geistreichc</span> <span class='ocrx_word' id='word_1_263' title='bbox 817 3182 873 3245; x_wconf 84' lang='lat' dir='ltr'>wie</span> <span class='ocrx_word' id='word_1_264' title='bbox 905 3181 1046 3261; x_wconf 90' lang='lat' dir='ltr'>geistlcse</span> <span class='ocrx_word' id='word_1_265' title='bbox 1069 3179 1287 3244; x_wconf 81' lang='lat' dir='ltr'>Schriltsteller</span> <span class='ocrx_word' id='word_1_266' title='bbox 1308 3180 1341 3242; x_wconf 92' lang='lat' dir='ltr'>in</span> 
     </span>
     <span class='ocr_line' id='line_1_30' title="bbox 132 3284 1341 3367; baseline 0 -19"><span class='ocrx_word' id='word_1_267' title='bbox 132 3285 291 3365; x_wconf 82' lang='lat' dir='ltr'>Vornhgen</span> <span class='ocrx_word' id='word_1_268' title='bbox 320 3285 385 3348; x_wconf 92' lang='lat' dir='ltr'>und</span> <span class='ocrx_word' id='word_1_269' title='bbox 417 3284 602 3350; x_wconf 79' lang='lat' dir='ltr'>Schwachen</span> <span class='ocrx_word' id='word_1_270' title='bbox 633 3287 683 3350; x_wconf 92' lang='lat' dir='ltr'>ein</span> <span class='ocrx_word' id='word_1_271' title='bbox 711 3305 743 3350; x_wconf 93' lang='lat' dir='ltr'>so</span> <span class='ocrx_word' id='word_1_272' title='bbox 773 3287 1074 3351; x_wconf 89' lang='lat' dir='ltr'>charahteristisches</span> <span class='ocrx_word' id='word_1_273' title='bbox 1098 3285 1245 3367; x_wconf 70' lang='lat' dir='ltr'>Geprage</span> <span class='ocrx_word' id='word_1_274' title='bbox 1276 3285 1341 3349; x_wconf 60' lang='lat' dir='ltr'>das*</span> 
     </span>
     <span class='ocr_line' id='line_1_31' title="bbox 131 3376 1342 3457; baseline 0 -3"><span class='ocrx_word' id='word_1_275' title='bbox 131 3391 186 3455; x_wconf 87' lang='lat' dir='ltr'>der</span> <span class='ocrx_word' id='word_1_276' title='bbox 208 3390 355 3455; x_wconf 79' lang='lat' dir='ltr'>Forscher</span> <span class='ocrx_word' id='word_1_277' title='bbox 378 3392 481 3456; x_wconf 89' lang='lat' dir='ltr'>seinen</span> <span class='ocrx_word' id='word_1_278' title='bbox 496 3376 593 3455; x_wconf 88' lang='lat' dir='ltr'>Manu</span> <span class='ocrx_word' id='word_1_279' title='bbox 607 3395 699 3456; x_wconf 92' lang='lat' dir='ltr'>unter</span> <span class='ocrx_word' id='word_1_280' title='bbox 720 3392 892 3457; x_wconf 89' lang='lat' dir='ltr'>hunderten</span> <span class='ocrx_word' id='word_1_281' title='bbox 908 3392 1154 3457; x_wconf 85' lang='lat' dir='ltr'>wiedererhcnnt.</span> <span class='ocrx_word' id='word_1_282' title='bbox 1183 3440 1239 3455; x_wconf 89' lang='lat'>...</span> <span class='ocrx_word' id='word_1_283' title='bbox 1268 3391 1342 3454; x_wconf 87' lang='lat' dir='ltr'>Man</span> 
     </span>
     <span class='ocr_line' id='line_1_32' title="bbox 129 3497 1347 3579; baseline 0.001 -20"><span class='ocrx_word' id='word_1_284' title='bbox 129 3497 173 3559; x_wconf 90' lang='lat' dir='ltr'>ist</span> <span class='ocrx_word' id='word_1_285' title='bbox 194 3497 239 3560; x_wconf 85' lang='lat' dir='ltr'>cst</span> <span class='ocrx_word' id='word_1_286' title='bbox 260 3499 413 3572; x_wconf 85' lang='lat' dir='ltr'>versucht‚</span> <span class='ocrx_word' id='word_1_287' title='bbox 436 3497 725 3563; x_wconf 87' lang='lat' dir='ltr'>wissenschaftliche</span> <span class='ocrx_word' id='word_1_288' title='bbox 740 3499 1020 3579; x_wconf 88' lang='lat' dir='ltr'>Untersnchungen</span> <span class='ocrx_word' id='word_1_289' title='bbox 1042 3518 1101 3562; x_wconf 91' lang='lat' dir='ltr'>nur</span> <span class='ocrx_word' id='word_1_290' title='bbox 1123 3497 1182 3561; x_wconf 92' lang='lat' dir='ltr'>mit</span> <span class='ocrx_word' id='word_1_291' title='bbox 1204 3497 1263 3561; x_wconf 93' lang='lat' dir='ltr'>den</span> <span class='ocrx_word' id='word_1_292' title='bbox 1287 3497 1347 3560; x_wconf 82' lang='lat' dir='ltr'>anf</span> 
     </span>
     <span class='ocr_line' id='line_1_33' title="bbox 129 3599 1341 3685; baseline 0 -21"><span class='ocrx_word' id='word_1_293' title='bbox 129 3601 184 3666; x_wconf 89' lang='lat' dir='ltr'>der</span> <span class='ocrx_word' id='word_1_294' title='bbox 207 3599 385 3667; x_wconf 83' lang='lat' dir='ltr'>Oberflache</span> <span class='ocrx_word' id='word_1_295' title='bbox 407 3601 566 3683; x_wconf 90' lang='lat' dir='ltr'>liegenden</span> <span class='ocrx_word' id='word_1_296' title='bbox 588 3603 711 3668; x_wconf 90' lang='lat' dir='ltr'>Mitteln</span> <span class='ocrx_word' id='word_1_297' title='bbox 740 3605 774 3668; x_wconf 92' lang='lat' dir='ltr'>in</span> <span class='ocrx_word' id='word_1_298' title='bbox 795 3603 915 3685; x_wconf 87' lang='lat' dir='ltr'>Angriff</span> <span class='ocrx_word' id='word_1_299' title='bbox 943 3623 980 3667; x_wconf 91' lang='lat' dir='ltr'>zu</span> <span class='ocrx_word' id='word_1_300' title='bbox 1010 3605 1150 3679; x_wconf 79' lang='lat' dir='ltr'>nahmen,</span> <span class='ocrx_word' id='word_1_301' title='bbox 1173 3603 1237 3666; x_wconf 92' lang='lat' dir='ltr'>und</span> <span class='ocrx_word' id='word_1_302' title='bbox 1259 3603 1341 3666; x_wconf 87' lang='lat' dir='ltr'>muss</span> 
     </span>
     <span class='ocr_line' id='line_1_34' title="bbox 129 3707 1344 3792; baseline 0.001 -22"><span class='ocrx_word' id='word_1_303' title='bbox 129 3707 221 3782; x_wconf 84' lang='lat' dir='ltr'>daun,</span> <span class='ocrx_word' id='word_1_304' title='bbox 245 3727 332 3772; x_wconf 85' lang='lat' dir='ltr'>wenn</span> <span class='ocrx_word' id='word_1_305' title='bbox 356 3709 510 3772; x_wconf 90' lang='lat' dir='ltr'>dieselben</span> <span class='ocrx_word' id='word_1_306' title='bbox 538 3710 765 3774; x_wconf 84' lang='lat' dir='ltr'>nnanreichend</span> <span class='ocrx_word' id='word_1_307' title='bbox 788 3710 873 3785; x_wconf 81' lang='lat' dir='ltr'>sind,</span> <span class='ocrx_word' id='word_1_308' title='bbox 902 3711 960 3773; x_wconf 88' lang='lat' dir='ltr'>mit</span> <span class='ocrx_word' id='word_1_309' title='bbox 988 3710 1260 3792; x_wconf 90' lang='lat' dir='ltr'>problematischen</span> <span class='ocrx_word' id='word_1_310' title='bbox 1283 3709 1344 3771; x_wconf 89' lang='lat' dir='ltr'>Re·</span> 
     </span>
     <span class='ocr_line' id='line_1_35' title="bbox 130 3813 1341 3897; baseline 0.002 -22"><span class='ocrx_word' id='word_1_311' title='bbox 130 3813 267 3878; x_wconf 89' lang='lat' dir='ltr'>sultaten</span> <span class='ocrx_word' id='word_1_312' title='bbox 290 3813 355 3877; x_wconf 87' lang='lat' dir='ltr'>sich</span> <span class='ocrx_word' id='word_1_313' title='bbox 379 3813 535 3878; x_wconf 84' lang='lat' dir='ltr'>zufrieden</span> <span class='ocrx_word' id='word_1_314' title='bbox 550 3816 656 3894; x_wconf 85' lang='lat' dir='ltr'>geben,</span> <span class='ocrx_word' id='word_1_315' title='bbox 672 3834 814 3896; x_wconf 89' lang='lat' dir='ltr'>wogegcn</span> <span class='ocrx_word' id='word_1_316' title='bbox 836 3815 885 3880; x_wconf 93' lang='lat' dir='ltr'>die</span> <span class='ocrx_word' id='word_1_317' title='bbox 900 3814 1341 3897; x_wconf 85' lang='lat' dir='ltr'>mihroshopisoh·statistische</span> 
     </span>
     <span class='ocr_line' id='line_1_36' title="bbox 130 3917 1344 3999; baseline 0.002 -17"><span class='ocrx_word' id='word_1_318' title='bbox 130 3918 371 3999; x_wconf 89' lang='lat' dir='ltr'>Untersnchung</span> <span class='ocrx_word' id='word_1_319' title='bbox 394 3917 569 3984; x_wconf 85' lang='lat' dir='ltr'>Gcwilsheit</span> <span class='ocrx_word' id='word_1_320' title='bbox 596 3921 660 3984; x_wconf 92' lang='lat' dir='ltr'>und</span> <span class='ocrx_word' id='word_1_321' title='bbox 689 3921 859 3985; x_wconf 86' lang='lat' dir='ltr'>ausserdem</span> <span class='ocrx_word' id='word_1_322' title='bbox 886 3922 964 3985; x_wconf 92' lang='lat' dir='ltr'>noch</span> <span class='ocrx_word' id='word_1_323' title='bbox 987 3922 1158 3987; x_wconf 83' lang='lat' dir='ltr'>nerthrclle</span> <span class='ocrx_word' id='word_1_324' title='bbox 1181 3921 1344 3985; x_wconf 87' lang='lat' dir='ltr'>Berciche-</span> 
     </span>
     <span class='ocr_line' id='line_1_37' title="bbox 128 4024 768 4104; baseline 0.005 -17"><span class='ocrx_word' id='word_1_325' title='bbox 128 4043 248 4104; x_wconf 90' lang='lat' dir='ltr'>rungen</span> <span class='ocrx_word' id='word_1_326' title='bbox 271 4044 309 4087; x_wconf 83' lang='lat' dir='ltr'>zu</span> <span class='ocrx_word' id='word_1_327' title='bbox 331 4025 433 4088; x_wconf 90' lang='lat' dir='ltr'>bieten</span> <span class='ocrx_word' id='word_1_328' title='bbox 455 4025 500 4088; x_wconf 91' lang='lat' dir='ltr'>im</span> <span class='ocrx_word' id='word_1_329' title='bbox 524 4024 639 4090; x_wconf 86' lang='lat' dir='ltr'>Stande</span> <span class='ocrx_word' id='word_1_330' title='bbox 663 4025 768 4090; x_wconf 70' lang='grc' dir='ltr'>01103.α</span> 
     </span>
    </p>
   </div>
   <div class='ocr_carea' id='block_1_3' title="bbox 220 4182 1306 4253">
    <p class='ocr_par' dir='ltr' id='par_1_6' title="bbox 220 4182 1306 4253">
     <span class='ocr_line' id='line_1_38' title="bbox 220 4182 1306 4253; baseline 0.003 -18"><span class='ocrx_word' id='word_1_331' title='bbox 220 4184 239 4250; x_wconf 88' lang='grc'>1)</span> <span class='ocrx_word' id='word_1_332' title='bbox 258 4182 350 4253; x_wconf 89' lang='lat' dir='ltr'>Progr.</span> <span class='ocrx_word' id='word_1_333' title='bbox 375 4199 435 4251; x_wconf 87' lang='lat' dir='ltr'>pag.</span> <span class='ocrx_word' id='word_1_334' title='bbox 449 4185 491 4237; x_wconf 85' lang='lat'>39.</span> <span class='ocrx_word' id='word_1_335' title='bbox 517 4184 543 4235; x_wconf 89' lang='lat' dir='ltr'>et</span> <span class='ocrx_word' id='word_1_336' title='bbox 555 4184 598 4236; x_wconf 84' lang='lat'>44.</span> <span class='ocrx_word' id='word_1_337' title='bbox 743 4183 764 4252; x_wconf 69' lang='lat'>²)</span> <span class='ocrx_word' id='word_1_338' title='bbox 782 4183 849 4238; x_wconf 89' lang='lat' dir='ltr'>Mus.</span> <span class='ocrx_word' id='word_1_339' title='bbox 869 4183 953 4239; x_wconf 87' lang='lat' dir='ltr'>Rhcn.</span> <span class='ocrx_word' id='word_1_340' title='bbox 971 4187 1032 4238; x_wconf 88' lang='lat' dir='ltr'>torn.</span> <span class='ocrx_word' id='word_1_341' title='bbox 1046 4184 1144 4237; x_wconf 86' lang='lat' dir='ltr'>XXIX.</span> <span class='ocrx_word' id='word_1_342' title='bbox 1170 4200 1230 4253; x_wconf 90' lang='lat' dir='ltr'>pag.</span> <span class='ocrx_word' id='word_1_343' title='bbox 1244 4185 1306 4240; x_wconf 83' lang='lat'>282.</span> 
     </span>
    </p>
   </div>
   <div class='ocr_carea' id='block_1_4' title="bbox 0 0 1465 4614">
    <p class='ocr_par' dir='ltr' id='par_1_7' title="bbox 0 0 1465 4614">
     <span class='ocr_line' id='line_1_39' title="bbox 0 0 1465 4614; baseline 0 0"><span class='ocrx_word' id='word_1_344' title='bbox 0 0 1465 4614; x_wconf 95' lang='lat' dir='ltr'> </span> 
     </span>
    </p>
   </div>
  </div>
 </body>
</html>
