2910 4614
677 128 717 187 53

83 342 207 421 excepte
229 341 352 403 omnino
376 339 475 404 Ovidii
498 340 606 421 prodat
629 339 824 412 imitatorem,
857 341 886 402 iu
918 340 973 402 hoc
996 359 1115 421 quoque
1139 360 1211 404 eum
1239 342 1297 404 sibi

83 446 246 526 delegisset
275 447 440 527 exemplar,
470 447 495 508 si
524 447 681 527 potuisset.
734 445 815 508 Nam
844 446 965 508 etiamsi
991 446 1098 526 lingua
1121 445 1231 510 Latina
1259 447 1298 510 ad

83 555 184 614 metra
215 551 366 633 dactylica
403 552 479 616 satis
515 555 586 633 apta
624 555 685 626 est,
723 551 761 614 ad
797 569 875 632 quae
910 552 1015 632 lingua
1050 551 1168 616 Graeca
1201 553 1299 616 multo

82 661 131 720 θεῖ
164 657 296 732 facilior,
330 660 435 720 tamen
465 677 501 720 ex
529 658 649 738 ingenio
673 662 704 721 θῖ
733 661 844 720 natura
867 658 991 738 linguae
1021 658 1171 722 maiorem
1201 659 1296 722 habet

82 763 298 827 difficultatem
334 763 500 845 dactylicos
535 782 640 826 versus
675 782 852 845 componere
883 782 978 844 quam
1008 764 1196 846 spondiacos.
1250 765 1300 828 Ita

82 868 202 932 factum
232 871 292 943 est,
324 871 359 931 ut
388 869 562 932 curatione
590 870 672 931 solus
702 868 763 932 fere
786 867 913 931 Ovidius
937 888 955 932 a
977 869 1101 950 reliquis
1125 870 1300 934 discesserit

82 979 114 1037 et
137 977 203 1037 tam
226 992 339 1055 paucos
363 974 505 1037 habuerit
527 975 713 1049 imitatorem
736 977 804 1038 tum
828 978 934 1038 autem
957 994 992 1039 ex
1007 976 1075 1050 hac,
1099 976 1125 1039 si
1141 977 1185 1039 ita
1201 975 1299 1040 dicere

81 1079 168 1154 lieet,
199 1080 301 1160 inopia
331 1081 452 1160 linguae
480 1080 682 1161 repetendum
704 1085 765 1155 est,
797 1080 877 1161 quod
911 1080 981 1144 inde
1014 1082 1052 1145 ab
1083 1080 1172 1145 Ennii
1203 1083 1299 1164 patris

80 1187 219 1266 tempore
242 1187 342 1248 certae
366 1186 533 1249 locutiones
557 1167 726 1266 dactylicae
749 1186 781 1248 in
805 1204 898 1249 usum
918 1190 1074 1262 uenerunt,
1099 1206 1175 1268 quas
1192 1207 1298 1251 omnes

80 1294 189 1372 poetae
221 1294 302 1354 certo
331 1291 396 1354 loco
426 1291 569 1355 adhibere
601 1294 816 1367 assueverunt,
847 1292 998 1373 imprimis
1029 1293 1185 1356 clausulae
1209 1294 1300 1357 hexa-

83 1399 261 1460 metrorum.

520 1589 571 1657 ΙΙ.
603 1589 654 1656 lle
677 1591 847 1658 caesuris.

172 1715 199 1776 A
230 1713 449 1777 consuetudine
477 1717 648 1778 ceterorum
679 1718 854 1797 poetarum,
885 1734 1016 1796 quorum
1047 1716 1077 1778 in
1110 1716 1299 1780 carminibus

82 1819 278 1883 nobilissima
309 1838 436 1883 caesura
465 1824 512 1883 θεῖ
543 1821 774 1901 semiquinaria,
805 1840 904 1903 neque
933 1821 1042 1885 Silium
1073 1841 1172 1903 neque
1195 1823 1299 1886 Iliadis

79 1926 263 2007 scriptorem
285 1927 448 1989 recessisse
471 1926 520 1988 vix
537 1925 679 2006 estquod
698 1925 807 1990 dicam.
845 1927 918 1990 Post
933 1927 1202 2007 penthemimerim
1218 1929 1299 2010 apud

83 2034 254 2112 utrumque
278 2031 481 2095 usitatissima
505 2049 632 2095 caesura
655 2034 703 2094 est
726 2031 983 2112 semiseptenaria,
1011 2032 1060 2095 cui
1084 2032 1172 2096 adest
1193 2034 1301 2098 trithe-

78 2137 219 2201 mimeris
249 2155 321 2200 cum
349 2137 408 2200 fine
438 2138 522 2201 verbi
546 2139 614 2218 post
640 2137 768 2200 tertium
791 2137 983 2212 trochaeum,
1015 2138 1102 2202 cuius
1126 2140 1299 2221 exemplum

80 2243 179 2307 habes
201 2243 275 2305 hoc:

216 2348 396 2412 Aeneadum
414 2345 417 2433 t
436 2350 612 2430 patiturque
630 2347 632 2435 t
650 2349 733 2412 ferox
751 2347 763 2435 lt
784 2347 928 2413 Oenotria
950 2349 1027 2411 iura.

173 2453 280 2534 Neque
303 2456 400 2517 multo
425 2456 523 2518 rarius
546 2456 681 2519 invenies
705 2474 876 2530 caesuram,
900 2473 979 2536 quae
1002 2455 1073 2518 huic
1096 2454 1191 2519 etiam
1214 2475 1300 2536 prae·

81 2560 165 2625 cedit
197 2560 362 2640 elegantia,
398 2561 682 2642 semiseptenariam
716 2580 789 2624 cum
819 2561 1054 2642 penthemimeri
1084 2561 1300 2637 consociatam,

80 2667 128 2730 ita
150 2669 271 2741 tamen,
295 2670 330 2729 ut
353 2670 422 2748 post
445 2666 585 2747 quintam
609 2666 704 2728 arsim
727 2667 855 2728 verbum
877 2667 1017 2741 finiatur,
1040 2669 1109 2747 post
1133 2667 1300 2748 septimum

81 2772 274 2854 semipedem
298 2791 387 2853 saepe
411 2790 482 2835 cum
506 2772 596 2835 verbo
619 2772 713 2834 etiam
738 2790 862 2834 sensus:
887 2790 912 2835 θ.
937 2791 966 2852 g.

219 2877 451 2958 Bellantemque
475 2875 578 2940 Iovem
597 2874 601 2964 t
619 2895 717 2940 cerno.
737 2874 749 2963 tt
769 2876 930 2941 Venientia
953 2877 1045 2940 facta.

174 2982 231 3046 His
254 2984 349 3063 igitur
377 2984 513 3046 caesuris
535 2982 792 3063 frequentissimis
815 3000 887 3045 oum
910 2985 1038 3063 uterque
1062 2982 1190 3064 scriptor
1211 2983 1300 3063 longe

81 3089 265 3153 creberrime
289 3092 381 3169 atque
404 3090 436 3151 in
459 3089 636 3151 universum
659 3088 766 3151 eadem
784 3089 900 3151 ratione
916 3106 992 3151 usus
1011 3088 1059 3163 sit,
1085 3087 1177 3152 Silius
1192 3092 1300 3153 tamen

81 3194 184 3258 multo
215 3194 336 3276 saepius
365 3195 490 3258 admisit
520 3194 805 3275 semiseptenariam
834 3193 1031 3258 coniunctam
1060 3212 1133 3256 cum
1161 3195 1224 3257 sola
1247 3194 1301 3258 tri-

83 3299 271 3372 themimeri,
294 3300 338 3363 ita
361 3304 397 3363 ut
420 3319 479 3363 non
502 3299 584 3362 adsit
606 3299 697 3363 tertia
720 3299 888 3363 trochaica:
913 3317 938 3362 θ.
961 3317 990 3379 g.

220 3407 292 3486 Ipsa
316 3403 424 3491 sedati
443 3406 568 3469 tandem
592 3409 751 3469 aeternum
770 3402 782 3490 tt
801 3405 964 3468 coniuncta
989 3403 1135 3485 Sychaeo.

107 3544 114 3550 ·
176 3510 261 3590 Quae
285 3530 356 3574 cum
379 3512 409 3574 in
433 3511 528 3575 Iliade
544 3511 654 3574 Latina
677 3512 798 3591 legatur
820 3510 951 3574 decies
975 3511 1147 3592 quater¹)
1173 3509 1231 3591 (vv.
1249 3512 1299 3573 61.

83 3619 157 3681 108.
176 3619 247 3680 139.
265 3618 338 3680 268.
356 3618 428 3680 490.
446 3617 520 3679 564.
538 3619 609 3680 655.
626 3618 696 3680 768.
712 3618 783 3679 755.
798 3617 870 3679 776.
891 3616 1300 3698 778.787.826.946.),1ε

174 3832 194 3892 1)
212 3827 323 3879 Miretur
348 3827 457 3878 fortasse
475 3826 619 3892 quispiam,
643 3825 711 3892 quod
730 3842 745 3878 a
764 3827 903 3893 Doeriogio
925 3824 1037 3891 (dissert,
1051 3840 1112 3891 pag.
1125 3826 1151 3891 4)
1168 3824 1299 3890 dissentio,

81 3915 128 3984 qui
147 3915 215 3967 hanc
232 3931 366 3968 caesuram
391 3916 417 3966 in
439 3918 470 3967 19
490 3914 606 3966 versibus
625 3913 749 3980 epitomes
774 3917 800 3965 et
821 3915 852 3968 18
875 3913 992 3966 versibus
1012 3911 1078 3966 Pun.
1098 3912 1157 3968 libr,
1176 3912 1197 3966 I.
1217 3913 1300 3964 inesse

80 4004 175 4060 voluit,
213 4002 260 4055 Sed
285 4004 311 4055 in
335 4019 411 4054 versu
437 4004 496 4057 965.
535 4001 695 4067 Purpuream
724 4001 805 4052 vetnit
830 4001 874 4052 ille
891 4000 893 4070 q
909 4001 1023 4053 anirnam
1039 3999 1067 4070 lt,
1096 4015 1152 4052 cum
1173 3999 1300 4067 sanguine

81 4092 165 4144 mixto
179 4121 207 4130 -
225 4091 343 4157 neglecta
355 4091 461 4142 elisione
474 4089 704 4155 hephtlrmuimeris
722 4104 779 4139 cirin
793 4088 990 4154 penthemimeri
1004 4088 1150 4141 consociata
1162 4087 1301 4140 statuenda

82 4182 137 4246 est,
163 4179 276 4246 itemque
301 4179 324 4229 iu
352 4194 390 4234 ur,
405 4178 464 4234 731.
479 4177 552 4242 itt,
578 4177 632 4228 sola
657 4176 840 4242 seruiquinaria
865 4176 891 4227 in
911 4192 951 4228 vr.
966 4177 1026 4230 666.
1041 4177 1100 4233 775,
1113 4177 1171 4232 792,
1186 4175 1254 4241 984,
1273 4176 1299 4227 in
