2910 4614
228 324 415 405 Priusquam
446 326 552 387 autem
581 343 646 387 rem
673 325 773 405 ipsam
800 323 976 405 aggrediar,
1008 342 1070 387 non
1089 330 1353 406 ‘supervacaneum

140 431 217 495 duco
243 448 342 513 pauca
372 429 464 494 rerba
494 431 685 512 praemunire
715 430 751 493 de
780 430 904 494 consilio
941 448 1001 510 quo
1031 430 1248 493 commentatio
1282 447 1353 492 mea

140 537 311 618 conscripta
333 540 389 608 est,
414 554 493 617 qnae
515 535 609 599 verba
632 535 671 599 ad
693 536 824 616 priorem
846 537 910 599 eius
933 540 1052 618 partem
1076 539 1225 617 spectant.
1270 534 1354 598 Nam

140 661 212 706 oum
240 642 410 725 permultas
440 661 488 705 res
523 642 742 721 grammaticas
770 642 840 722 plus
868 642 1008 705 minusve
1039 641 1170 704 usitatas
1201 642 1353 704 allaturus

139 749 208 824 sim,
231 766 334 811 vereor
356 766 394 812 ne
418 747 486 829 quis
509 747 586 810 mibi
609 747 729 822 obiciat,
752 751 787 810 nt
811 748 901 810 verbo
917 746 1084 811 Horatiano
1112 750 1192 822 utar,
1216 765 1352 810 mamea

140 854 242 918 vineta
273 852 416 926 caedere,
445 853 498 935 qui
526 855 632 916 contra
654 852 854 933 Doeringium
884 853 985 915 dicam
1008 853 1083 914 nihil
1106 852 1184 916 effici
1206 870 1294 935 posse
1317 871 1353 915 er

137 960 240 1024 verbis
273 959 333 1023 illis
365 959 588 1040 phrasibusqne
618 960 741 1039 utrique
771 959 910 1040 scriptori
941 959 1172 1031 communibus,
1208 958 1352 1039 qnoniam

138 1065 214 1129 talia
243 1064 326 1147 apud
356 1082 462 1128 omnes
491 1067 596 1146 poetas
625 1065 725 1145 epicos
754 1064 908 1143 legantur,
944 1065 1008 1146 ipse
1039 1068 1144 1127 autem
1173 1083 1221 1126 res
1252 1082 1354 1143 gram-

138 1171 270 1235 maticas
298 1171 464 1253 proteram,
499 1189 579 1251 qnae
607 1170 745 1233 omniurn
773 1173 947 1251 poetarum,
978 1170 1054 1250 quin
1085 1170 1179 1232 etiam
1210 1188 1244 1233 ex
1267 1173 1353 1250 parte

141 1278 283 1340 omnium
312 1277 366 1357 qui
394 1276 502 1340 Latina
538 1276 644 1356 lingua
677 1277 844 1356 loquuntur
883 1276 1066 1356 scriptorum
1095 1294 1233 1338 sermone
1263 1275 1353 1338 tritae

140 1384 211 1446 sint.
237 1417 277 1427 -κ
299 1383 445 1446 Attamen
472 1382 505 1444 in
535 1382 653 1461 legibus
683 1381 894 1460 grammaticis
924 1381 1013 1444 aliter
1043 1400 1091 1444 res
1122 1400 1154 1444 sa
1183 1381 1289 1444 habet:
1321 1382 1353 1444 in

139 1488 246 1552 multis
276 1491 381 1570 poetas
415 1487 452 1552 de
483 1488 593 1569 quibus
627 1488 794 1567 ambigitur
824 1488 993 1550 consentire
1025 1490 1267 1550 consentaneum
1296 1489 1351 1549 est.

140 1594 280 1657 Primum
314 1597 433 1668 antem,
468 1594 591 1674 singula
625 1594 791 1675 persecuti,
826 1593 906 1674 apud
942 1592 1054 1655 Silium
1087 1593 1119 1655 in
1153 1593 1352 1674 proprietates

143 1700 292 1764 sermonis
314 1699 397 1763 haud
412 1718 529 1781 paucas
544 1699 745 1773 incurremus,
762 1717 840 1779 quae
856 1700 887 1761 in
906 1698 1000 1761 iliade
1015 1697 1129 1761 frustra
1145 1698 1352 1779 requiruntur,

140 1808 209 1868 tum
237 1807 271 1868 in
302 1805 593 1869 conformationibus
622 1805 783 1868 verborum
808 1811 838 1868 et
869 1804 1092 1867 sententiarum
1121 1804 1261 1884 quamvis
1287 1821 1355 1885 per-

139 1911 273 1991 vulgatis
309 1929 399 1992 saepe
430 1911 626 1991 aliquantum
655 1910 843 1973 differentiae
869 1910 901 1971 in
927 1915 1056 1990 utroque
1087 1910 1223 1972 carmine
1255 1909 1353 1973 inesse

138 2017 327 2092 videbimus,
357 2035 429 2080 cum
457 2016 489 2079 in
512 2017 619 2080 eadem
642 2035 674 2078 re
698 2015 844 2079 maiorem
869 2016 926 2078 sibi
949 2015 1027 2077 alter
1049 2016 1146 2077 altero
1171 2015 1354 2078 concesserit

138 2123 305 2187 licentiam.
357 2122 466 2195 Velut,
502 2124 528 2186 si
557 2123 594 2186 de
622 2122 796 2185 accusativo
828 2121 880 2202 qui
911 2123 1037 2183 vocatur
1069 2119 1184 2183 Graeco
1213 2120 1355 2190 referam,

138 2230 195 2292 hoc
217 2248 279 2292 non
310 2229 355 2293 ita
377 2228 513 2309 intellegi
537 2229 619 2303 volo,
650 2228 737 2309 qnasi
760 2228 809 2290 hio
832 2245 907 2289 usus
932 2225 1005 2290 Silio
1028 2225 1190 2308 peculiaris
1215 2225 1269 2299 sit;
1300 2224 1353 2287 sed

139 2338 245 2399 tamen
275 2354 310 2398 ex
340 2353 374 2398 eo
402 2353 522 2416 quoqne
552 2334 653 2415 aliquo
685 2334 773 2397 modo
804 2333 972 2415 perspicere
1002 2333 1073 2397 licet
1105 2332 1258 2395 diversam
1287 2349 1353 2394 esse

140 2440 300 2522 utriusque
323 2440 479 2522 scriptoris
503 2443 658 2503 naturam.

226 2545 293 2610 Iam
327 2564 397 2610 vero
428 2564 483 2625 ego
510 2564 569 2609 non
598 2547 625 2609 is
659 2565 729 2609 sum
759 2544 825 2626 qui,
865 2545 890 2608 si
920 2543 1041 2627 quando
1069 2543 1101 2607 in
1130 2544 1187 2606 boc
1215 2542 1354 2606 carmine

138 2651 268 2716 verbum
290 2651 445 2733 quoddam
467 2654 606 2715 occurrat
629 2652 709 2733 quod
731 2653 764 2714 in
786 2651 837 2714 illo
861 2651 1049 2714 desideretur
1077 2650 1123 2713 rel
1159 2648 1353 2722 constructio,

140 2758 334 2822 verissimum
356 2762 574 2837 argumentum
596 2776 646 2820 me
669 2757 820 2820 invenisse
844 2757 999 2819 clamitem
1023 2774 1082 2836 quo
1110 2755 1353 2818 adversariorum

137 2862 237 2944 opinio
259 2863 418 2927 refutet-ur.
465 2862 525 2926 Sed
544 2862 616 2944 quid
636 2862 770 2926 effecisse
796 2862 873 2925 mihi
888 2861 992 2924 videar
1014 2862 1046 2924 in
1063 2861 1122 2923 fine
1139 2861 1354 2942 quaestionum

138 2968 414 3050 grammaticarum
442 2969 586 3050 aperiam.

227 3073 367 3156 Denique
390 3074 487 3138 adicio
509 3074 542 3137 in
564 3074 661 3156 priore
683 3077 770 3157 parte
793 3071 980 3154 disponenda
1003 3091 1053 3135 me
1076 3072 1187 3135 ducem
1209 3071 1353 3134 babuisse

140 3179 290 3260 Draegeri
311 3181 424 3243 librum
449 3180 502 3261 qni
522 3179 716 3244 inscribitur:
739 3179 930 3243 Historische
947 3177 1064 3260 Syntax
1086 3178 1139 3240 der
1154 3176 1354 3240 lateinischen

139 3285 283 3368 Sprache.
328 3286 383 3350 Ed.
406 3285 447 3349 ΙΙ.
472 3286 590 3367 Lipsiae
615 3288 709 3349 1878.
754 3286 833 3348 Renr
856 3288 962 3347 tamen
984 3284 1029 3347 ita
1051 3283 1189 3355 institui,
1221 3285 1257 3344 nt
1279 3300 1355 3344 uon·

138 3392 239 3467 nulla,
270 3409 348 3474 quaa
382 3391 420 3456 ad
449 3391 481 3455 id
511 3411 570 3473 quo
592 3392 788 3455 intendebam
810 3388 1031 3453 illustrandum
1054 3388 1181 3451 minoris
1203 3387 1354 3451 momenti

139 3499 244 3573 crant,
279 3500 335 3561 aut
368 3497 490 3560 omnino
523 3497 697 3560 omitterem
726 3500 781 3560 aut
810 3496 939 3578 carptim
969 3494 1214 3576 perstringerem.
1246 3527 1286 3538 -
1316 3490 1353 3554 In

140 3600 302 3666 afferendis
339 3603 478 3666 versibus
512 3602 699 3665 Punicorum
737 3605 860 3666 secutus
899 3620 968 3664 sum
1007 3599 1170 3663 editionem
1205 3598 1352 3680 Ruperti,

140 3705 309 3789 Gottingae
333 3709 514 3783 1794-97,
538 3709 569 3772 in
592 3707 754 3771 laudandis
770 3706 908 3770 versibus
926 3705 1030 3768 iliadis
1046 3704 1175 3768 Latinae
1190 3704 1353 3767 editionem

138 3813 329 3889 Baehrensii‚
353 3814 436 3878 Poet.
461 3813 527 3878 Lat.
551 3814 625 3877 Min.
649 3813 716 3877 Vol.
740 3812 795 3876 ΙΙΙ.
818 3812 936 3892 Lipsiae
962 3810 1057 3873 1881.
