2910 4614
624 82 833 182 Ao„

123 292 314 356 locutionum
338 294 576 357 similitudinum
595 313 666 357 cum
690 297 834 378 scriptore
854 295 960 359 Iliadis
985 315 1182 362 communem
1206 298 1347 362 haberet.

123 397 203 476 Quin
227 401 330 474 etiam,
354 400 380 461 si
395 400 513 480 copiam
528 402 664 463 locorum
682 402 831 464 similium
846 402 1036 484 respicimus,
1059 422 1135 483 quos
1151 403 1343 485 Dooringius

122 523 157 567 en
181 505 249 568 aliis
272 507 369 586 poetis
393 506 485 587 epicis
509 506 637 586 collegit,
661 508 688 570 si
710 507 841 570 iliadem
864 527 936 570 cum
959 508 1100 590 operibus
1124 528 1234 572 eorum
1259 529 1347 574 com-

123 629 310 693 pararemus,
335 611 470 675 conicere
486 612 582 676 audeo
605 631 660 675 nos
684 613 723 676 ad
739 612 869 676 eundem
885 614 1001 677 exitum
1014 617 1213 696 perventuros
1234 618 1346 701 osse1).

208 875 254 938 Do
278 876 374 952 hiato,
398 876 435 939 de
458 876 612 957 productis
636 880 758 959 propior
773 877 925 958 duplicem
941 897 1106 941 consonam
1120 878 1340 959 insequentem

121 985 176 1044 aut
199 981 275 1044 arsis
299 983 328 1044 vi
351 982 486 1062 syllabis
510 982 546 1046 de
570 982 709 1063 synizesi,
733 982 770 1046 do
794 1002 934 1064 syncope,
959 983 996 1047 de
1020 983 1133 1064 systole
1156 985 1188 1047 et
1211 983 1342 1049 diastole

120 1086 218 1150 fusius
242 1106 386 1169 exponere
410 1088 606 1169 supersedeo,
638 1107 708 1151 cum
734 1089 892 1170 perpaucis
914 1090 1006 1152 rebus
1028 1089 1089 1152 hue
1113 1090 1341 1170 spectantibus,

121 1211 199 1272 quae
229 1194 261 1256 in
291 1196 419 1274 utroquo
449 1195 584 1256 carmine
614 1193 737 1267 insunt,
766 1197 958 1257 momentum
987 1194 1026 1257 ad
1049 1194 1267 1274 quaestionem
1291 1195 1342 1259 do-

120 1298 305 1362 cernendam
329 1318 387 1362 non
411 1299 563 1362 afferatur.
643 1357 646 1361 .

539 1561 580 1628 V.
615 1561 666 1626 113
689 1563 910 1629 elisionibus.

207 1704 304 1768 Venio
338 1705 401 1767 iam
435 1705 474 1766 ad
508 1723 577 1768 eam
607 1704 650 1768 rei
682 1705 827 1768 metricae
858 1705 1055 1785 particulam,
1090 1723 1152 1785 qua
1183 1705 1340 1787 imprimis

122 1810 350 1874 accommodato
374 1812 412 1873 ad
436 1810 681 1890 persuadendum
705 1811 862 1874 evincatur
885 1811 1046 1892 scriptores
1066 1811 1243 1874 carminum
1260 1832 1340 1896 quae

119 1935 333 1998 comparamus
363 1916 496 1979 diverses
528 1935 609 1989 esse,
640 1916 678 1979 ad
702 1916 858 1990 elisiones
889 1935 987 1998 nequo
1016 1916 1097 1980 enim
1128 1916 1194 1979 ulla
1219 1919 1338 1982 aliare

119 2022 231 2085 clarius
254 2022 435 2095 ostenditur,
458 2023 547 2104 quale
571 2022 719 2102 cuiusque
742 2026 848 2103 poetae
870 2022 903 2084 in
926 2041 958 2084 ro
974 2021 1103 2085 metrica
1126 2022 1167 2085 sit
1196 2023 1337 2088 studium

119 2132 212 2210 atque
241 2128 339 2209 qualis
369 2130 497 2203 natura,
522 2146 617 2208 quam
644 2127 714 2190 11113.
768 2126 855 2205 Quod
886 2145 958 2189 cum
985 2128 1030 2190 ita
1053 2128 1101 2202 sit,
1125 2126 1172 2192 vel
1200 2131 1336 2194 maximo

118 2252 242 2314 oporam
265 2239 295 2297 et
317 2235 454 2297 laborem
477 2233 619 2297 collocavi
643 2233 674 2294 in
699 2231 870 2295 statuendis
899 2231 1061 2295 elisionum
1090 2251 1218 2296 numero
1243 2238 1331 2316 atque

116 2341 249 2413 ratione3
273 2344 366 2420 atque
389 2342 424 2401 nt
447 2339 496 2401 hic
519 2340 632 2401 alterve
654 2339 738 2401 locus
768 2337 865 2400 aciem
895 2338 1052 2400 oculorum
1081 2337 1232 2418 effugerit,
1264 2359 1336 2404 curn

117 2446 172 2507 hos
196 2445 351 2508 interdum
375 2445 501 2506 satietas
523 2462 627 2507 rorum
649 2446 715 2506 tam
738 2443 932 2505 minutarum
960 2443 1082 2525 ceperit,
1110 2449 1337 2526 peropportune

116 2549 192 2612 mihi
216 2549 335 2623 accidit,
358 2549 439 2630 quod
461 2548 518 2612 hoc
541 2549 616 2611 nihil
639 2549 774 2611 interest.
829 2547 911 2611 Nam
940 2567 1011 2612 cum
1040 2548 1083 2612 eis
1113 2567 1189 2629 quas
1213 2550 1336 2632 repperi

118 2654 294 2718 elisionibus
317 2655 380 2718 iam
404 2653 541 2734 quaestio
565 2654 736 2718 certissima
759 2653 875 2716 rationo
893 2656 1040 2729 solvatur,
1065 2653 1090 2716 si
1113 2654 1171 2718 loci
1194 2655 1337 2719 nonnulli

119 2778 137 2821 a
159 2778 209 2822 me
233 2760 360 2823 tortasse
382 2760 514 2839 neglecti
526 2759 713 2833 accederent,
737 2777 773 2822 ex
796 2758 848 2833 eis,
873 2777 951 2839 quae
968 2759 1112 2836 conclusi,
1130 2761 1237 2822 tamen
1259 2759 1339 2822 nihil

117 2868 298 2928 mutaretur.
345 2865 544 2946 Quamquam
566 2882 718 2946 perpauca
749 2882 815 2927 osse
838 2864 952 2928 omissa
975 2864 1084 2928 merito
1108 2863 1262 2929 affirmare
1286 2883 1339 2929 me

116 2989 204 3052 posse
228 2971 366 3034 arbitror.

204 3076 311 3139 Inveni
334 3076 428 3156 igitur
450 3076 483 3140 in
506 3074 630 3138 Punicis
659 3075 797 3139 elisiones
828 3075 927 3150 5224,
957 3075 990 3137 in
1013 3073 1109 3137 Iliade
1139 3074 1213 3149 244,
1242 3074 1338 3158 idque

117 3181 256 3245 elisiones
279 3183 440 3260 longarum
464 3181 653 3262 syllabarum
677 3181 750 3255 804,
773 3180 805 3242 in
827 3179 924 3243 Iliade
949 3180 1000 3254 22,
1017 3179 1050 3241 in
1068 3178 1136 3262 „m“
1154 3180 1338 3245 exeuntium

119 3321 159 3332 -
184 3305 262 3368 quae
285 3287 368 3350 elisio
391 3286 495 3349 durior
518 3289 573 3361 est,
598 3305 692 3366 quam
716 3286 741 3348 si
764 3285 864 3348 finalis
888 3285 929 3347 sit
951 3284 1049 3348 brevis
1081 3321 1120 3329 —
1150 3285 1182 3347 in
1205 3284 1337 3350 Punicis

18 3385 21 3389 ’
118 3393 220 3467 1331,
252 3392 283 3454 in
306 3391 402 3454 Iliade
426 3392 484 3465 -18,
516 3395 724 3472 correptorum
746 3391 778 3453 in
801 3390 926 3452 Punicis
950 3390 1051 3464 3089,
1082 3391 1113 3452 in
1137 3389 1233 3453 Iliade
1260 3392 1339 3456 174.

205 3514 264 3578 Sed
288 3514 434 3597 quoniam
461 3534 522 3577 non
559 3517 606 3577 ost
635 3514 720 3596 copia
747 3514 844 3595 primo
874 3515 1037 3594 conspectu
1066 3531 1102 3575 ex
1124 3513 1171 3576 1113
1194 3515 1337 3578 numeris

118 3621 328 3700 cognoscendi,
353 3623 505 3701 quantum
530 3620 611 3683 adsit
634 3618 828 3693 diversitatis
852 3618 1137 3682 commodissimum
1159 3617 1261 3681 visum
1285 3622 1340 3684 est

115 3726 229 3789 iterum
259 3725 407 3790 tabellam
436 3725 592 3800 conficere,
621 3744 682 3807 qua
711 3724 855 3788 facillime
884 3724 1057 3805 perspicias
1088 3727 1162 3805 quot
1191 3723 1338 3789 elisiones

116 3830 211 3895 Silius
240 3831 272 3894 in
301 3831 428 3910 singulis
457 3831 609 3907 millibus
639 3829 743 3894 Iliadis
775 3829 904 3911 scriptor
933 3829 966 3892 in
996 3829 1080 3892 1070
1108 3829 1249 3892 versibus
1279 3829 1340 3893 ad-

114 3937 242 4000 miserit.

204 4151 224 4214 ¹)
243 4144 298 4198 (lfr.
317 4160 377 4211 pag.
396 4147 412 4198 5
431 4161 469 4212 sq.
